2384 3848
380 116 437 163 ΕΙΣ
461 114 646 161 ΑΠΟΛΛΩΝΑ
669 113 806 162 ΔΗΛΙΟΝ,

209 293 218 317 Ι
363 294 370 317 J
399 294 407 320 Ν
461 295 469 319 Ι
838 305 845 323 9

139 297 321 377 Μνησομαι
337 293 410 361 ουδε
424 294 577 375 λαθωμαι
591 307 763 362 ’Avonam
782 324 911 373 ρεκατοιο,

95 396 132 463 ὅν
146 425 183 462 τε
198 398 267 463 θεοί
283 411 352 464 κατὰ
366 412 436 479 δῶμα
451 394 529 466 Διὸς
545 396 739 482 τρομέουσιν
755 391 866 462 ι’ἀντα·

95 500 154 566 καί
167 501 209 588 ῥά
224 500 253 566 τ’
270 503 490 567 ἀναΐσσουσιν
505 498 684 588 ἐπισχεδὸν
701 497 889 589 ἐρχομένοιο

95 605 216 674 πάντες
231 604 289 691 ἀφ’
306 603 436 691 ἑδράων,
453 603 506 667 ὅτε
523 602 663 690 φαίδιμα
677 616 741 684 τόξα
757 619 872 670 τιταίνει.

94 705 195 787 Λητὼ
211 706 237 771 δ’
254 708 305 786 οἴη
320 705 417 789 μίμνε
432 705 537 791 παραὶ
552 720 598 771 Διὶ
614 721 809 788 τερπικεραύνῳ,

94 810 116 891 ἥ
131 811 174 895 ῥα
188 807 266 889 βιόν
282 809 309 873 τ’
326 811 500 901 ἐχάλασσε
515 809 571 873 καί
586 809 722 890 έκλήισε
738 809 911 895 φαρέτρην,

96 910 155 976 καί
167 930 219 995 [ἴοι
235 910 293 976 ἀπ’
311 911 454 999 ἰφθίμων
470 910 565 992 ὤμων
580 910 752 1000 χείρεσσιν
768 913 892 977 ἑλοῦσα

96 1012 193 1097 τόξον
208 1013 408 1100 ἀνεκρέμασε
422 1028 488 1094 πρὸς
505 1030 580 1080 κίονα
596 1028 696 1093 πατρός
712 1029 765 1081 ἑοῖο

96 1118 279 1182 πασσάλου
291 1118 328 1181 ἐκ
339 1116 484 1206 χρυσέου
495 1145 501 1159 ·
526 1116 582 1182 τὸν
598 1115 624 1181 δ’
638 1117 682 1187 εἰς
696 1115 810 1204 θρόνον
822 1118 910 1182 εἷσεν
922 1116 1059 1201 ἀχουσα.

96 1224 142 1307 τῷ
159 1219 186 1285 δ’
203 1219 267 1307 ἀρα
282 1220 399 1306 νέκταρ
416 1220 514 1285 ἔδωκε
529 1218 640 1306 πατὴρ
656 1219 754 1285 δέπαϊ
768 1219 915 1308 χρυσείῳ
1068 1241 1092 1284 ιο

96 1322 297 1406 δεικνύμενος
313 1338 392 1403 ψίλον
408 1337 477 1391 οίόν·
500 1323 616 1390 ἔπειτα
631 1322 665 1388 δὲ
680 1339 795 1405 δαίμονες
812 1337 892 1390 ἄλλοι

95 1440 157 1493 ἔνθα
175 1442 335 1506 καθίζουσιν·
357 1426 468 1517 χαίρει
484 1427 519 1493 δέ
533 1454 569 1492 τε
584 1425 706 1493 πότνια
720 1426 830 1507 Λητὼ,

96 1530 214 1595 οὕνεκα
228 1528 409 1618 τοξοφόρον
424 1531 480 1597 καὶ
496 1529 652 1617 καρτερὸν
666 1545 723 1598 οἱον
736 1544 844 1597 ἔτικτεν.

146 1767 241 1841 Χαῖρε,
254 1763 365 1842 μάκαιρ’
379 1765 400 1823 ὦ
414 1769 509 1843 Λητοῖ,
525 1767 583 1826 ἐπεὶ
596 1767 672 1829 τέκες
681 1773 769 1841 ἀγλαὰ
783 1772 871 1836 τέκνα,
1072 1784 1098 1825 14

93 1867 255 1921 Ἀπολλυνύ
268 1867 388 1935 ρύνακτα
401 1863 446 1920 καὶ
455 1871 580 1938 ’Ἄρτεμιν
598 1870 740 1938 ἰοχέαιραν,
1073 1880 1099 1921 1ο

95 1958 146 2033 τὴν
158 1957 210 2032 μὲν
224 1960 252 2015 ἒν
265 1954 405 2037 Ὀρτυγίῃ,
420 1959 469 2018 τὸν
482 1957 511 2016 δὲ
525 1962 630 2037 κραναῇ
645 1959 684 2018 ε’νὶ
698 1959 792 2037 Δήλῳ,

97 2052 242 2128 κεκλιμένη
256 2054 325 2129 πρὸς
337 2054 444 2130 μακρὸν
458 2055 521 2129 ὅρος
535 2055 581 2114 καὶ
595 2056 715 2116 Κύνθιον
729 2055 820 2134 ὄχθον,

96 2149 241 2228 ἀγχοτάτω
255 2149 384 2225 φοίνικος,
401 2148 442 2208 ἐπ’
455 2149 580 2210 Ἰνωποῖο
593 2151 721 2229 ῥεέθροις.

129 2327 153 2376 1.
177 2328 234 2378 Ἀπ.
247 2323 280 2377 ἐκ.
294 2328 317 2374 Η
330 2326 444 2378 83.-2.
468 2345 488 2378 κ.
502 2327 575 2392 δῶμα,
588 2326 665 2378 octies
676 2326 702 2378 h.
715 2327 808 2378 l.-4.
831 2328 890 2387 τόξα
901 2345 947 2380 τιτ,
960 2331 980 2377 θ
998 2330 1054 2381 266.
1063 2359 1097 2368 -

95 2409 122 2460 5.
145 2412 172 2460 Δ.
190 2426 259 2472 τερπ,
278 2412 300 2457 Α
317 2409 374 2471 419,
392 2409 422 2462 cf.
441 2409 495 2462 Cer.
513 2410 644 2462 485.-8.
669 2411 729 2472 πρὸς
746 2409 820 2473 κίονα,
838 2410 853 2459 θ
875 2412 1021 2463 66.-πατ.
1039 2411 1096 2474 ἑοῖο,

96 2490 117 2544 Ξ
130 2493 257 2543 11.-11.
280 2491 327 2555 φιλ.
346 2491 403 2554 υίόυ,
422 2495 442 2540 Γ
459 2493 521 2553 307;
541 2495 562 2541 E
579 2491 748 2555 314.-δαιμ.
767 2489 805 2544 ἀλ,
824 2496 847 2541 Α
870 2493 1017 2546 222.-12.
1041 2495 1097 2542 ἔνθα

96 2572 147 2626 καθ.
165 2576 185 2623 Γ
200 2575 263 2635 426;
283 2574 375 2637 ζ295;
394 2591 409 2624 τ
425 2574 558 2627 59,-13.
583 2573 613 2626 νί.
632 2573 689 2626 ἑτικ.
707 2574 737 2626 cf.
758 2592 778 2622 τ
801 2575 950 2628 118,-14.
974 2575 1029 2639 ὰγλ,
1048 2593 1095 2628 τεκ.

219 2676 248 2724 32
