2384 3848
389 249 575 298 ronnnnnn
597 249 802 297 nnsronnnn.
1038 233 1094 301 xlv

90 416 272 493 κατενήνοθεν
285 416 382 492 ὤμους,
397 415 477 476 Scuh.
494 416 561 476 269.
603 413 668 487 235,
684 414 846 491 εὐστρώτων
860 415 972 493 λεχέων,
987 416 1023 477 cf.
1037 416 1091 478 Th.

92 511 158 574 798.
202 509 270 584 237,
293 509 382 571 πόσσ’
403 514 544 583 ἁπαλοῖσι,
560 512 614 574 Th.
633 514 660 574 3.
703 509 767 583 311,
783 515 866 588 λιμοῦ
879 511 926 572 ὑπ’
945 513 1092 593 ἀργαλέης,

91 611 127 670 cf.
148 611 232 671 Scut.
248 611 297 669 43.
340 606 403 680 315,
419 608 594 685 πολυήρατον
614 609 684 673 εἶδος
705 610 830 688 ἔχουσαν,
846 608 900 669 Th.
916 610 983 670 908.
1026 608 1090 682 336,

90 709 248 783 μαλακοῖσι
266 707 466 783 παραφάμενος
485 704 623 777 ἐπέεσσιν,
644 706 698 767 Th.
720 706 767 766 90.
821 702 885 777 352,
905 708 1093 787 χαμαιγενέων

90 803 250 880 ἀνθρώπων,
271 802 326 862 Th.
347 801 415 862 879.
456 799 520 873 401,
543 803 638 864 ἄνθεσι
660 803 812 879 εἰαρινοῖσι,
832 801 908 882 Opp.
932 801 978 863 75.
1025 802 1090 876 419,

89 925 122 960 τε
142 898 250 959 Ῥοδεία
271 925 302 959 τε
323 898 472 975 Καλλιρόη
493 925 533 972 τε,
554 899 608 960 Th.
633 900 701 959 351.
748 895 813 968 420,
839 924 869 957 τε
892 899 971 977 Τύχη
991 926 1023 959 τε
1047 903 1092 960 καὶ

93 996 225 1074 Ὠκυρόη,
241 996 277 1057 cf.
291 996 344 1056 Th.
357 997 424 1056 360.
465 995 531 1067 421,
546 999 574 1055 τ’
591 996 707 1074 Ἰάνειρα
720 997 748 1056 τ’
764 994 890 1070 Ἀκάστη
904 1021 944 1068 τε,
956 995 1009 1057 Th.
1023 998 1090 1058 356.

89 1093 155 1165 422,
171 1119 204 1153 τε
220 1094 266 1151 καὶ
288 1089 441 1170 ἱμερόεσσα
461 1092 598 1170 Καλυψώ,
614 1091 668 1152 Th.
685 1093 752 1153 359.
794 1089 859 1160 424,
876 1092 922 1150 καὶ
936 1091 1020 1166 Στύξ,
1036 1093 1090 1153 Th.

89 1193 158 1252 361.
202 1189 268 1260 424,
283 1214 316 1249 τε
335 1186 502 1265 Γαλαξαύρη
520 1192 548 1249 τ’
569 1187 701 1266 ε’ρατεινή,
716 1187 752 1248 cf.
768 1186 823 1248 Th.
842 1189 909 1249 353.
952 1210 1001 1251 VV.
1016 1187 1093 1249 413-

88 1289 154 1361 424,
170 1293 262 1368 poeta
275 1286 412 1346 imitatus
425 1292 470 1346 est
484 1285 556 1346 Hes.
573 1284 627 1345 Th.
644 1283 791 1345 349-361.

130 1387 231 1464 Hym.
257 1383 291 1443 in
314 1382 429 1443 Mera:
451 1382 496 1454 10,
521 1382 657 1462 μεγάλοιο
680 1381 747 1443 Διὸς
770 1378 831 1444 νόος
855 1380 1012 1453 ἐξετελεῖτο,
1036 1384 1091 1445 Th.

90 1484 179 1544 1002.
223 1479 270 1552 36,
287 1480 379 1539 Totus
392 1500 503 1554 versus,
519 1479 596 1559 Opp.
613 1479 679 1539 365.
723 1475 768 1550 80,
780 1477 845 1549 441,
868 1480 994 1554 θαυματὰ
1015 1481 1091 1561 ἔργα,

89 1582 172 1642 Seut.
190 1579 258 1639 165.
301 1574 365 1648 243,
388 1580 442 1658 γνῶ
465 1575 492 1635 δ’
511 1575 570 1635 οὐδ’
589 1575 729 1656 ἠγνοίησε,
744 1574 799 1636 Th.
822 1575 890 1635 551.
932 1574 996 1648 337,
1018 1582 1091 1655 Κρο-

89 1678 184 1753 νήυνα,
199 1677 270 1738 θεῶν
290 1674 452 1751 σημάντορα
472 1673 591 1747 πάντων,
606 1672 686 1733 Scut.
703 1673 751 1733 56.
794 1669 857 1744 375,
874 1672 966 1733 Totus
979 1695 1091 1746 versus,

90 1773 146 1835 Th.
163 1774 232 1833 988.

479 1868 709 1880 *ιυ-

131 2000 179 2061 Ex
193 1998 252 2059 hac
265 1995 371 2058 tabula
388 1995 461 2057 ordo
483 1995 683 2073 ὃμηρικότητος
703 1995 885 2075 hymnorum
905 1998 1091 2080 singulorum

97 2096 170 2157 olore
187 2095 296 2156 elucet.
338 2092 486 2154 Videmus
507 2092 586 2152 enim
607 2097 705 2152 totum
725 2091 873 2172 hymnum
893 2095 925 2154 in
939 2094 1091 2155 Venerem

100 2191 137 2252 ad
152 2213 238 2253 nsum
260 2189 444 2273 homericum
465 2188 599 2268 proxime
621 2187 780 2263 accedere3
803 2197 970 2270 sequuntur
984 2191 1091 2270 hymni

96 2287 127 2348 in
144 2287 319 2371 Apollinem
343 2284 488 2366 Pythium
513 2290 543 2345 el
566 2285 598 2344 in
613 2283 743 2345 Delium.
786 2285 856 2345 Pari
871 2285 959 2346 modo
974 2292 1091 2348 constat

91 2391 193 2466 poetas
203 2384 299 2444 trium
309 2382 489 2462 hymnorum
500 2382 531 2440 in
540 2380 700 2453 Venerem,
710 2381 741 2440 in
751 2380 926 2460 Apollinem
936 2382 1089 2462 Pythium,

89 2481 122 2541 in
130 2480 308 2562 Apollinem
322 2477 443 2539 Delium
454 2476 620 2537 Homerum
628 2477 760 2537 imitatos
771 2498 840 2550 esse,
853 2479 1011 2558 scriptores
1022 2501 1090 2539 con-

89 2583 139 2638 tra
159 2577 353 2656 Hymnorum
375 2575 407 2634 in
429 2573 566 2634 Cererem
590 2579 621 2633 et
644 2572 676 2632 in
698 2573 885 2634 Mercurium
905 2575 1029 2656 propius
1050 2575 1090 2636 ad

90 2695 179 2735 usum
193 2672 367 2734 hesiodeum
381 2670 542 2731 accessisse.

132 2965 172 3025 In
185 2969 301 3024 textum
315 2961 414 3042 recepi
429 2961 650 3021 emendationes
664 2961 732 3021 has:

93 3095 211 3173 Ηγηιη.
226 3092 260 3154 in
283 3093 375 3157 Vens

13 3206 20 3211 ’
132 3209 162 3280 6,
175 3210 246 3266 πᾶσι
259 3206 288 3266 δὲ
304 3206 371 3284 ἔργα
383 3225 438 3284 pro
451 3203 574 3264 πᾶσιν3
590 3205 665 3285 ἔργα.
706 3203 787 3266 Vide
801 3226 830 3285 p.
846 3202 958 3264 xxxvii.

133 3303 181 3375 38,
196 3302 226 3361 εὖ
237 3303 261 3362 τ’
276 3302 366 3364 ἐθέλοι
379 3322 434 3381 pro
448 3299 508 3360 εὖτε
521 3301 607 3364 θέλοι.
958 3374 966 3389 ⁸

132 3398 182 3472 44,
197 3398 275 3460 κεδνὰ
289 3399 375 3458 ἰδυῖαν
388 3417 442 3477 pro
457 3397 519 3456 κεδν
540 3397 648 3456 ειδυιαν.
691 3395 771 3456 Vide
785 3419 814 3478 p
831 3394 932 3457 xxxiii.
