2384 3848
485 260 531 308 11
552 259 723 324 ereinuc.

429 523 496 598 DE
529 523 780 602 DIGAMMO.

134 690 252 752 Multas
280 710 380 763 voces,
411 710 487 770 quae
513 689 699 770 temporibus
727 690 877 752 historicis
904 712 922 752 a
949 690 1102 754 vocalibus

90 788 190 848 literis
221 788 417 867 inceperunt,
446 787 612 867 antiquitus
643 808 661 848 a
695 788 831 849 consonis
856 787 952 848 literis
981 788 1102 849 initium

94 884 206 964 cepisse
235 883 451 944 demonstrant
477 904 544 943 cum
572 883 696 957 lumina,
725 905 802 965 quae
830 905 879 944 ars
906 885 1102 966 grammatica

96 979 253 1040 universae
267 972 446 1060 linguarum
459 979 600 1041 scientiae
617 979 864 1061 potissimumque
880 980 993 1062 linguis
1012 979 1101 1041 Iude-

101 1074 271 1156 Europaeis,
283 1097 363 1158 quae
374 1081 530 1149 vocantur,
537 1075 650 1149 attulit,
657 1081 723 1137 tum
733 1076 892 1138 titulorum
902 1076 1101 1138 testimonia*

103 1171 188 1232 Inter
198 1171 251 1233 bns
263 1172 371 1233 literas
386 1178 432 1233 est
445 1171 563 1234 labialis
579 1172 703 1254 spirans,
719 1193 797 1254 quae
816 1171 1001 1254 digammum
1015 1195 1101 1235 voca-

102 1274 160 1341 tur,
175 1267 211 1329 de
224 1290 283 1351 quo
298 1269 383 1330 docti
396 1268 456 1330 viri
468 1268 572 1330 iudea
589 1268 720 1330 Bentleii
740 1269 926 1351 temporibus
946 1290 1040 1350 usque
1061 1270 1101 1332 ad

99 1363 278 1425 hodiernum
292 1363 376 1425 diem
390 1364 486 1425 multa
498 1371 528 1426 et
538 1366 647 1426 acriter
662 1365 870 1446 disputarunt;
892 1367 944 1426 alii
954 1366 1101 1428 rationem

96 1459 242 1543 digammi
256 1461 391 1543 amplexi
406 1461 444 1521 ad
465 1461 624 1523 arbitrium
645 1464 691 1523 usi
712 1469 791 1536 sunt,
807 1469 842 1524 ut
862 1462 993 1524 salebras
1012 1485 1099 1544 quas-

95 1557 166 1618 dam
186 1558 288 1630 metri,
310 1564 460 1639 quantum
480 1565 607 1639 poterat,
623 1564 853 1632 summoverent,
869 1581 966 1641 neque
981 1558 1100 1620 dubita-

94 1661 168 1714 runt
182 1675 272 1715 voces
286 1653 438 1736 digammo
455 1656 611 1727 instruere,
627 1676 756 1735 quarum
777 1656 959 1737 etymologia
979 1657 1099 1717 omnino

95 1771 154 1810 non
171 1756 218 1811 est
232 1756 316 1811 certa
330 1756 361 1811 et
377 1750 513 1826 definita;
536 1752 589 1813 alii
604 1758 715 1824 contra,
731 1751 768 1812 ob
787 1773 850 1812 rem
870 1774 1009 1834 perverse
1022 1759 1100 1812 trac-

94 1853 201 1920 tatam,
223 1847 263 1908 ab
287 1848 431 1909 universa
452 1848 590 1909 doctrina
610 1847 781 1909 abhorrent.
825 1849 925 1909 Hodie
940 1870 1011 1909 vero
1033 1871 1118 1934 cong

96 1945 232 2004 sentiunt
260 1965 364 2004 omnes
392 1943 568 2017 doctrinam,
598 1944 634 2004 de
663 1966 723 2025 qua
749 1951 814 2005 tota
834 1945 999 2026 antiquitas
1023 1946 1100 2007 nihil

98 2061 218 2119 prorsus
232 2039 356 2112 sciebat,
372 2047 458 2101 caute
473 2047 503 2101 et
516 2040 683 2122 prudenter
696 2041 887 2102 tractandam
902 2063 972 2102 esse.
1008 2041 1099 2103 Bent-

102 2134 183 2208 laius,
185 2136 403 2217 phoenomenis
414 2136 593 2216 quibusdam
602 2137 733 2198 metricis
744 2136 783 2197 ad
795 2139 963 2198 accuratius
972 2137 1099 2197 homeri-

103 2250 201 2292 corum
221 2233 391 2295 carminum
411 2233 545 2293 studium
565 2234 720 2313 impulsus,
736 2235 939 2314 quaestionem
957 2232 1100 2314 digammi

98 2327 211 2408 primus
227 2329 335 2390 movit.
378 2327 437 2388 Sed
457 2328 530 2389 haec
554 2329 672 2389 labialis
696 2330 813 2410 spirans
834 2336 864 2390 et
886 2330 1100 2410 antiquissimis

97 2424 285 2505 temporibus
297 2425 388 2485 litera
401 2424 520 2486 infirma
533 2425 623 2486 fuisse
637 2424 767 2500 videtur,
783 2432 813 2486 et
833 2427 893 2487 iam
909 2427 1006 2506 primo
1021 2426 1099 2487 dilu-

135 2601 153 2634 1
170 2600 253 2652 Pauci
275 2599 455 2651 tantummodo
479 2600 550 2652 tituli
573 2599 650 2651 huius
674 2601 773 2669 generis
796 2601 829 2653 ad
852 2619 899 2654 nos
915 2607 1098 2670 pervenerunt.

98 2681 218 2735 Ceterum
236 2682 314 2732 lectio
330 2681 500 2749 plurimorum
516 2683 609 2733 horum
627 2683 761 2734 titulorum
773 2702 867 2754 magno
880 2685 907 2735 in
920 2685 998 2736 dubio
1010 2687 1100 2737 relicta

98 2769 143 2816 est.
179 2763 836 2834 0110101111011101111111004151
871 2767 920 2818 Sed
938 2768 968 2818 de
986 2769 1099 2819 nonnul-

98 2846 183 2898 lorum
195 2847 307 2898 lectione
319 2845 393 2896 nullo
405 2846 480 2897 modo
492 2846 607 2899 dubitari
624 2853 715 2916 potest,
728 2849 798 2901 unde
816 2857 925 2917 apparet
941 2850 1099 2917 digammum

100 2929 618 2996 01111110011110101110111101010011111
635 2933 807 2993 01110101111,
820 2931 864 2982 001
882 2933 958 2984 etiam
976 2932 1099 2999 scriptum

100 3027 159 3062 esse.
195 3011 294 3063 Scimus
312 3011 419 3079 quidem
437 3029 450 3063 e
469 3013 547 3064 titulo
564 3012 674 3065 locrensi
696 3015 728 3066 ab
747 3015 920 3078 Oeconomida
937 3013 1006 3064 edito
1024 3018 1099 3065 0101

100 3094 178 3145 titulo
190 3094 292 3146 vasculi
304 3093 435 3145 cuiusdam
447 3096 578 3147 caeretani
590 3096 748 3165 digammum
763 3102 864 3148 sextum
876 3097 960 3148 locum
973 3095 1000 3146 in
1013 3096 1098 3147 litera-

100 3181 160 3227 tura
179 3192 271 3244 graeca
289 3176 436 3228 obtinuisse.
472 3179 508 3231 ef.
522 3178 609 3229 Knbs:
630 3177 1097 3248 1111ςο11110110110110011101100,

101 3261 175 3312 1873.
211 3259 303 3311 Confer
315 3259 449 3311 Archaeol.
463 3262 525 3313 Zeit.
540 3261 611 3313 1878.
641 3261 702 3314 4100.
717 3262 787 3313 Heft.
800 3278 824 3327 p.
839 3262 901 3320 1815
919 3259 992 3322 liber,
1006 3262 1034 3312 in
1048 3277 1098 3329 quo

101 3340 186 3392 multa
203 3340 320 3393 doctrina
338 3346 452 3409 apparet,
470 3348 521 3395 est:
541 3342 572 3394 de
589 3342 691 3396 dialect.
704 3361 785 3413 graec.
805 3341 933 3410 digammo
951 3343 1099 3396 testimonia

102 3423 301 3492 inscriptionum
313 3423 419 3492 collegit
430 3425 536 3488 Tudeer,
550 3424 743 3489 Helsinforsiae‚
758 3424 829 3478 1879.
