2384 3848
96 266 163 310 XXX
464 259 725 310 PROLEGOMENA.

96 427 164 487 culo
184 425 341 486 literarum
361 446 536 507 graecarum
556 430 620 486 tam
640 425 748 487 debilis
768 426 853 488 facta
867 432 941 502 erat,
955 432 1016 489 ete
1034 448 1090 489 ser·

96 544 183 583 mone
198 522 356 582 enunciato
370 522 514 582 radicitus
529 544 704 584 evanescere
718 523 918 584 minitaretur.
951 523 1049 603 Atqui
1059 545 1091 586 eo

95 625 230 699 tempore
255 639 313 697 quo
339 618 489 678 Homerus
513 619 567 678 illa
590 619 772 679 immortalia
792 621 926 681 carmina
946 619 1092 682 scribebat

96 715 281 796 digammum
295 735 311 774 e
325 715 429 774 multis
442 715 565 776 vecibus
585 716 646 787 iam
667 721 839 788 evanuerat,
854 717 887 775 in
908 717 976 776 aliis
990 717 1091 778 etiam·

96 818 168 873 tunc
182 832 266 870 suam
275 811 337 873 vim
349 810 486 871 obtinuit.
519 810 578 872 Sed
590 813 669 872 inter
680 810 808 872 Iliadem
819 818 909 893 atque
920 812 1092 892 Odysseam,

96 907 177 989 quod
198 907 238 968 ad
259 906 444 989 digammum
465 908 636 988 neglectum
656 909 774 981 attinet,
795 908 912 989 insigne
933 908 1093 970 discrimen

96 1026 156 1065 non
176 1010 281 1076 exstat,
303 1025 340 1064 ex
364 1025 423 1084 quo
449 1003 549 1085 colligi
571 1010 670 1084 potest
692 1004 812 1064 literam
833 1003 917 1064 illam
935 1005 1094 1084 paullatim

95 1106 215 1162 tantum
243 1100 390 1180 dilapsam
415 1121 484 1160 esse.
528 1101 630 1173 Quum
650 1121 722 1163 vero
750 1101 882 1161 carmina
909 1100 1094 1182 temporibus

95 1196 308 1278 posterioribus
327 1197 422 1257 literis
442 1196 660 1258 mandarentur
685 1196 870 1278 digammum
886 1197 936 1257 ita
954 1198 1111 1259 attritum.

96 1300 169 1368 erat,
190 1299 226 1356 ut
246 1293 436 1354 Homeristae
459 1313 581 1373 prorsus
608 1293 758 1354 nescirent
779 1292 952 1353 huiusmodi
974 1293 1095 1356 literam

95 1411 230 1472 unquam
244 1391 399 1452 exstitisse.
443 1391 511 1463 Qua
525 1388 563 1450 de
578 1411 666 1450 causa
684 1389 818 1449 salebrae
833 1388 981 1470 quaedam
994 1390 1093 1465 metri,

96 1508 173 1568 quae
197 1486 349 1567 digammo
376 1485 490 1546 adscito
517 1485 604 1546 facile
632 1484 841 1565 expediuntur,
871 1485 913 1546 eis
940 1484 1095 1547 offensioni

96 1588 191 1644 erant.
232 1583 313 1643 Nam
327 1580 423 1641 crebri
436 1581 537 1642 hiatus
555 1587 585 1641 et
605 1580 816 1661 productiones
830 1581 1015 1661 syllabarum
1027 1581 1095 1643 bre-

96 1680 180 1741 vium
200 1679 263 1739 sine
284 1677 348 1737 ulla
365 1698 463 1737 causa
477 1677 518 1737 eis
542 1682 613 1738 nota
633 1678 757 1737 fuerunt
777 1677 1001 1758 impedimenta,
1016 1700 1095 1759 quae

95 1777 185 1837 litera
204 1773 384 1855 paragogica
404 1772 584 1834 inculcanda
603 1774 653 1835 vel
673 1772 813 1834 inanibus
834 1775 991 1855 particulis
1004 1775 1041 1845 δέ,
1056 1776 1095 1848 τέ,
1127 1793 1132 1798 ’

95 1873 131 1953 γε’
142 1868 346 1933 intericiendis
366 1890 552 1930 summovere
573 1870 673 1931 conati
693 1875 772 1930 sunt.
815 1871 892 1931 Ecce
905 1871 999 1952 igitur
1013 1872 1097 1953 unde

96 1969 325 2049 proficiscuntur
348 1966 419 2026 illae
441 1965 587 2026 absurdae
611 1965 786 2047 particulae,
808 1988 905 2047 neque
925 1967 1004 2029 illud
1022 1956 1097 2031 satis

97 2064 240 2125 admirari
261 2084 381 2144 possum
402 2062 483 2144 quod
504 2069 609 2144 aperta
628 2062 702 2123 haec
717 2068 747 2122 et
763 2063 921 2123 manifesta
935 2065 1098 2145 explicatio

96 2161 256 2222 nonnullos
269 2160 347 2242 fugit
368 2160 421 2241 qui
441 2181 504 2220 rem
518 2164 696 2220 tractarunt.
738 2159 783 2219 Ut
803 2159 905 2219 ahos*
922 2159 959 2220 de
974 2160 1098 2240 hymnis

96 2257 253 2318 homericis
280 2256 356 2318 bene
383 2257 504 2318 meritos
528 2255 776 2336 praetermittam,
799 2255 889 2316 liceat
912 2257 1099 2320 mentionem

96 2354 193 2414 facere
206 2353 395 2424 Windischii,
408 2353 461 2433 qui
475 2353 507 2412 in
521 2352 638 2413 libello:
661 2352 706 2412 De
719 2351 840 2431 hymnis
850 2351 1008 2413 homericis
1021 2354 1098 2415 mai-

97 2449 206 2523 oribus,
221 2450 340 2531 Lipsiae
363 2448 448 2522 1867,
470 2449 612 2529 opinatur
632 2448 718 2508 nulla
735 2448 801 2508 iure
822 2468 875 2508 suo
889 2448 1017 2529 vestigia
1030 2449 1099 2512 vivi

97 2546 242 2628 digammi
257 2547 289 2606 in
304 2545 436 2625 Hymnis
457 2550 582 2617 exstare,
597 2565 635 2604 ne
654 2544 697 2605 ibi
716 2543 839 2625 quidem
858 2543 911 2605 ubi
924 2531 1030 2607 vivum
1050 2545 1098 2608 di-

97 2663 250 2724 gammum
263 2642 367 2722 negari
377 2641 461 2701 nullo
474 2639 563 2701 modo
576 2646 683 2721 potest.
719 2640 859 2721 Exempli
869 2641 967 2722 gratia
980 2641 1098 2723 digam-

96 2760 180 2800 mum
193 2739 240 2799 his
253 2738 325 2799 locis
338 2742 442 2818 negat:
464 2735 542 2798 Ven.
558 2736 625 2810 277,
641 2741 669 2800 ἐς
689 2736 817 2814 πέμπτον
829 2737 911 2816 [ἔτος
928 2736 1004 2800 αὖτις
1019 2740 1098 2798 ἐλεύ-

97 2861 184 2912 σομαι
196 2837 255 2895 υἱὸν
268 2837 384 2916 ἄγουσα.
426 2832 491 2893 Del.
509 2832 555 2907 74,
572 2832 623 2895 ἕνθ’
637 2836 686 2910 ἐμὲ
702 2835 755 2910 μὲν
773 2833 846 2913 μέγα
860 2837 932 2910 κῦμα
946 2836 1017 2894 κατὰ
1031 2861 1098 2912 κρα-

96 2933 144 2996 τὸς
157 2933 241 3005 [ἅλις
255 2931 315 2991 αἰεί.
358 2930 450 2991 Mere.
466 2931 533 3003 313,
553 2931 648 3007 Αὐτὰρ
670 2931 728 2989 ἐπεὶ
746 2932 783 2990 τὰ
802 2930 929 3001 fircera
948 2930 1098 3008 διαρρήδην

139 3099 156 3133 't
174 3097 268 3150 Flach:
294 3097 342 3148 Die
365 3095 522 3147 hesiodische
546 3095 692 3164 Theogonis
714 3095 763 3146 mit
782 3095 974 3164 Prolegomena‚
996 3096 1094 3158 Berlin,

99 3182 171 3234 1873.
215 3180 308 3233 Flach:
337 3180 388 3231 Das
408 3178 577 3230 dialektische
600 3179 736 3247 Digamma
764 3177 808 3229 dee
837 3172 971 3240 Hesiodea,
996 3179 1093 3240 Berlin,

99 3260 170 3317 1876.
206 3262 374 3315 Hesiodische
390 3262 623 3330 Untersuchungen
640 3278 693 3314 von
706 3261 737 3312 A.
751 3260 844 3312 Rzach.
857 3261 932 3328 Prag,
946 3262 1024 3323 1875;
1044 3262 1095 3313 Der

99 3347 206 3399 Dialekt
223 3346 267 3397 des
287 3345 413 3398 Hesiodus
433 3361 486 3397 von
507 3345 539 3396 A.
559 3344 652 3396 Rzaoh.
673 3342 782 3395 Besond.
801 3341 882 3393 Abdr.
903 3359 949 3394 aus
969 3343 993 3395 d.
1012 3342 1094 3396 VIII.

98 3429 205 3498 Supplb.
217 3428 242 3481 d.
255 3429 271 3480 J
273 3429 345 3481 ahrb.
356 3428 374 3482 f.
386 3428 418 3481 el.
431 3427 498 3480 Phil.
512 3427 623 3497 Leipzig,
637 3426 709 3481 1876.
743 3425 769 3477 S.
781 3425 903 3478 355-466.
938 3425 1000 3480 Alii.
