2384 3848
406 237 455 292 IV.
491 239 548 286 ΕΙΣ
572 239 772 288 AHMHTPAN.

55 383 264 478 ὦ(7·’7Γεισόως
280 409 306 474 δ’
324 408 392 474 ἴδον
406 407 569 490 ἀλλήλας,
587 421 729 489 κεχάρηντο
746 421 773 474 δὲ
791 421 868 487 θυμηῖ.

53 491 137 573 τὴν
161 510 190 576 ο
206 510 266 575 οδε
282 511 483 598 προσέειπε
497 510 572 591 Ῥέη
587 526 835 592 καμπίμο-

114 609 234 699 Δεῦρο
251 614 353 688 τέκος,
370 615 481 680 καλέει
497 640 536 678 σε
550 612 766 699 βαρύκτυπος
781 628 893 694 εὐρύοπα
909 628 971 684 Ζείς
1048 637 1086 678 ιοο

49 689 256 798 ἐλθέμεναι
271 733 335 802 μετὰ
349 735 423 800 φιλο
438 738 505 798 θεῶν,
522 717 678 782 ὑπέδεκτο
695 716 728 782 δὲ
744 717 840 799 τιμάς

50 795 239 907 δω(Υέμεν,
256 826 295 895 ἅς
311 849 366 888 κεν
382 820 471 886 ἕλοιο
489 833 539 901 μετ’
556 834 707 887 άθονάτοισι
723 835 812 886 θεοῖσι.

50 928 159 996 νεὕετε
175 943 204 996 εί
219 963 265 994 σοι
280 926 400 1013 κούρην
414 925 522 1009 ρέτεος
538 925 825 1010 περιτελλομένοιο

56 1011 143 1095 Τὴν
161 1033 317 1118 τριτάτην
330 1030 389 1111 μὲν
403 1033 520 1114 μοῖραν
535 1040 586 1094 ὕπο*
604 1040 684 1105 ζόφον
700 1041 828 1108 ἠερόεντα,

63 1103 146 1201 [Τὰς
164 1149 190 1201 δὲ
208 1149 258 1201 δύω
276 1133 368 1218 παρὰ
383 1130 441 1197 σοί
454 1158 489 1196 τε
505 1146 551 1197 καὶ
566 1130 669 1216 ἀλλοις]
686 1145 859 1206 άθονάτηισιν.
1048 1153 1086 1194 465

69 1235 107 1294 3³
130 1269 175 1304 τοι
192 1251 295 1317 ὑπέστη
312 1236 464 1300 ἔσεσθαι·
488 1249 524 1315 ἐφ
540 1248 564 1300 δ’
581 1247 700 1300 ἐπένευσε
718 1247 819 1313 κάρητι.

73 1336 144 1404 Q·
160 1357 202 1419 ίει,
218 1339 332 1406 τέκνον
347 1336 434 1420 ἐμὸν,
451 1339 507 1403 καὶ
523 1336 645 1409 πείθεο,
662 1350 725 1417 μηδέ
742 1370 768 1400 πι
785 1351 845 1417 λίην

81 1429 204 1534 ἀζηχὲς
219 1441 364 1525 μενέαινε
381 1455 525 1518 κελαινεφέϊ
541 1454 677 1520 Κρονίωνι.

87 1540 177 1633 αἶφα
192 1547 225 1612 δὲ
241 1542 371 1630 καρπὸν
386 1543 459 1626 ἄεξε
476 1543 654 1630 φερέσβιον
669 1542 885 1628 ἀνθρώποισι.

39 1717 41 1721 ,
128 1660 174 1722 Ὣς
189 1663 273 1728 ἔφεπ’.
316 1661 370 1713 οὐδ’
388 1661 512 1728 ἀπίθησεν
527 1645 726 1732 ἐϋστέφανος
743 1645 918 1732 Δημήτηρ·
1047 1669 1086 1712 470

95 1748 177 1839 αἶψα
192 1753 226 1819 δὲ
242 1750 370 1838 καρπὸν
385 1752 503 1830 ἀνῆκεν
518 1750 686 1834 ἀρουράων
701 1748 882 1835 ἐριβώλων.

96 1860 184 1921 πᾶσα
198 1856 232 1922 δὲ
249 1852 430 1942 φύλλοισίν
446 1879 481 1916 τε
497 1852 553 1917 καὶ
568 1852 703 1917 ἄνθεσιν
718 1867 799 1932 είρεεο
815 1866 884 1932 χθὼν

63 2015 66 2021 ,
97 1953 217 2044 ἔβρισ’·
240 1959 260 2038 ἡ
277 1956 311 2022 δὲ
327 1962 447 2021 κιοῦσα
465 1951 722 2036 θεμιστοπόλοις
736 1956 942 2033 βασιλεῦσιν

96 2055 179 2144 δεῖξε,
196 2060 414 2147 Τριπτολέμῳ
430 2085 465 2123 τε
481 2061 619 2122 Διοκλεῖ
633 2084 668 2121 τε
683 2056 881 2142 πληξίππῳ,

96 2161 271 2246 Εὐμόλπου
286 2190 321 2228 τε
335 2161 397 2248 βίη
414 2164 528 2247 Κελεῷ
545 2160 573 2224 θ’
589 2173 698 2240 ἡγήτορι
714 2174 791 2235 λαῶν,
1048 2184 1087 2227 ιιι

95 2263 319 2352 δρησμοσύνην
335 2265 363 2331 θ’
383 2265 483 2350 ἱερῶν,
501 2264 557 2328 καὶ
573 2262 754 2348 ἐπέφραδεν
769 2261 866 2347 όρηια
881 2267 996 2335 πᾶσιν,

94 2370 201 2451 σεμνὰ,
218 2368 304 2434 τότ’
318 2383 405 2442 ,οὔπως
421 2365 683 2451 ἐπείπαρεξέμεν,
701 2366 775 2429 οὔτε
790 2364 966 2437 πυθέσθαι,

93 2473 154 2537 οὔτ’
171 2472 302 2561 ἀχέειν·
325 2471 410 2555 μεήα
424 2471 487 2557 ηάρ
503 2496 535 2534 τι
552 2469 633 2533 θεῶν
648 2468 727 2552 ἀηος
744 2468 874 2555 ἰσχάνει
890 2467 999 2549 αὐδήν.

91 2573 214 2655 ὄλβιος,
232 2573 265 2644 ὃς
282 2573 351 2638 τάδ’
368 2573 502 2639 όπωπεν
516 2585 668 2651 ἐπιχθονίων
684 2584 833 2651 ἀνθρώπων·
1048 2597 1087 2639 480

91 2674 123 2748 ὃς
138 2677 164 2743 δ’
181 2674 301 2756 ἀτελὴς
319 2676 419 2762 ἱερῶν,
436 2675 470 2746 ὅς
486 2675 514 2740 τ’
531 2674 683 2760 άμμορος,
701 2673 816 2739 οὔποθ’
834 2672 950 2756 ὁμοίως

89 2879 269 2958 Τριπτολέμῳ
282 2904 320 2949 τε,
335 2878 494 2958 Πολυξείνῳ
508 2876 539 2948 τ’,
555 2878 600 2935 ἐπὶ
613 2880 671 2939 τοῖς
684 2877 715 2935 δὲ
728 2880 843 2935 Διοκλεῖ
1048 2892 1087 2938 477

89 3076 149 3127 458.
167 3079 181 3136 ζ
192 3077 238 3137 25;
258 3079 280 3124 Α
293 3078 348 3128 256.
358 3078 460 3129 -459,
478 3075 508 3128 cf.
519 3092 544 3127 v.
556 3077 593 3125 25.
604 3076 706 3127 -460.
724 3074 754 3125 cf.
764 3092 790 3128 v.
802 3075 1037 3128 441.-461-465.
1054 3076 1084 3128 cf.

90 3174 133 3211 vv.
145 3158 379 3211 443-447.-466.
401 3164 478 3228 poeta
490 3158 605 3209 imitatus
623 3162 691 3209 estO
709 3158 856 3210 ’λλ-467.
879 3156 934 3207 ἀλλ’
951 3158 989 3219 ἱθι,
1002 3159 1027 3209 Α
1045 3161 1084 3210 32.

90 3258 153 3303 -μ.
177 3259 200 3290 τι
223 3241 283 3303 λίην,
308 3246 332 3291 Ν
350 3241 514 3293 284.-468.
539 3240 564 3290 Α
582 3241 645 3301 397;
668 3242 871 3294 Ζ267.-470.
894 3241 924 3292 cf.
943 3259 967 3294 v.
986 3242 1086 3293 448.—

90 3323 150 3376 472.
173 3325 203 3377 cf.
222 3343 247 3380 v.
266 3326 434 3378 428.-475.
457 3328 479 3373 Ύ
497 3325 666 3376 383.-478.
689 3325 717 3371 οῦ
734 3341 784 3382 πως
801 3322 858 3387 ἐστί,
878 3343 890 3374 ε
913 3326 968 3385 103,
988 3324 1086 3376 137.-

90 3405 151 3459 480.
173 3405 241 3470 ἒπιχ,
254 3406 304 3459 ἀνθ,
318 3411 337 3456 Δ
349 3409 395 3469 45;
414 3425 431 3456 ο
440 3406 495 3460 167.
505 3404 608 3457 ⁴482.
628 3406 676 3455 ὑπὸ
688 3405 755 3471 ζόφῳ,
766 3407 796 3459 cf.
810 3424 834 3460 v.
845 3408 902 3460 446.
911 3407 1015 3460 -483,
1032 3404 1084 3459 αὐτ.
