2384 3848
150 213 193 278 84
511 215 544 268 V.
581 220 638 266 ΕΙΣ
662 222 788 271 ΕΡΜΗΝ,

148 398 208 452 ἀλλ’
225 398 280 452 ἐπεὶ
295 397 343 454 οὖν
358 418 400 452 τοι
417 399 494 467 θυμὸς
510 387 628 454 ὃπιθύει
644 390 829 477 κιθαρίζειν,

148 491 274 574 μέλπεο
290 492 346 557 καὶ
361 491 507 577 κιθάριζε
522 493 579 558 καὶ
594 493 736 575 ἀγλαίας
752 493 890 577 ἀλέγυνε

149 595 298 677 δέγμενος
314 596 351 677 ἐξ
365 593 576 675 ἐμέθεν-σύ
594 610 622 661 δέ
639 630 689 677 μοι,
706 595 794 684 φίλε,
812 613 887 668 κῦδος
904 613 1036 677 ὄπαζε-

149 700 315 781 εύμολπον
331 711 393 779 μετὰ
407 715 500 779 χερσὶν
516 713 585 779 ἔχων
598 700 787 787 λιγύφωνον
803 702 942 788 ἑταίρην,

149 804 238 870 καλὰ
253 804 309 870 καὶ
324 815 352 872 εὖ
369 815 438 886 κατὰ
454 816 554 883 κόσμον
569 804 791 886 ἐπισταμένην
807 806 983 891 ἀγορεύειν.

149 910 285 988 εὔκηλος
300 908 359 990 μὲν
375 907 490 972 ἔπειτα
505 906 614 992 φέρειν
631 908 675 978 εἰς
691 922 768 973 δαῖτα
784 922 888 975 θάλειαν

148 1013 204 1078 καὶ
219 1010 321 1099 χορὸν
338 1007 505 1097 ἱμερόεντα
520 1010 577 1075 καὶ
592 1011 624 1080 ἐς
641 1011 820 1096 φιλοκυδέα
835 1015 952 1094 κῶμον,

149 1114 353 1202 εὐφροσύνην
367 1127 459 1183 νυκτός
476 1146 503 1179 τε
521 1129 566 1178 καὶ
582 1128 688 1194 ἤματος.
735 1114 769 1186 δς
784 1115 847 1202 γὰρ
862 1116 902 1181 ἂν
918 1113 1023 1196 αὐτὴν

148 1218 248 1308 τέχνῃ
264 1218 320 1283 καὶ
336 1215 449 1303 σοφίῃ,
466 1216 666 1299 δεδαημένος,
683 1218 849 1305 ἐξερεείνῃ,

148 1318 353 1408 φθεγγομένη
369 1325 512 1385 παντοῖα
527 1317 589 1404 νόῳ
605 1320 934 1407 χαρίενταδιδιίσκει,

147 1426 219 1510 ῥεῖα
234 1420 446 1507 συνηθείῃσιν
461 1422 643 1508 ἀθυρομένη
657 1429 858 1509 μαλακῇσιν,

147 1524 325 1611 μεργασίην
341 1524 509 1608 θέλγουσα
524 1523 712 1606 δυήπαθον·
736 1525 770 1597 ὃς
786 1527 821 1592 δέ
835 1555 890 1593 κεν
905 1527 1008 1609 αὐτὴν

148 1635 216 1710 νῆις
232 1627 292 1692 ἐὼν
307 1641 338 1694 τὸ
356 1644 456 1707 πρῶτον
470 1630 675 1713 ἐπιζαφελῶς
691 1630 819 1716 ἐρεείνῃ,

146 1731 226 1817 μὰψ
242 1731 347 1802 αύτως
363 1759 418 1796 κεν
435 1731 549 1797 ἔπειτα
562 1732 707 1819 μετήορά
721 1760 756 1798 τε
773 1733 952 1820 θρυλλίζοι.

147 1851 193 1900 σοὶ
209 1848 233 1900 δ’
252 1832 451 1919 αὐτάγρετόν
467 1849 525 1900 ἐστι
542 1848 672 1914 δαήμεναι,
690 1835 760 1900 ὅττι
775 1840 934 1924 μενοινᾷς.

148 1954 193 2003 καὶ
209 1954 251 2002 τοὶ
265 1951 312 2018 ἐγιὶ
329 1952 402 2003 δώσω
418 1927 549 2019 ταύτην,
567 1936 645 2008 Διὸς
661 1939 767 2021 ἀγλαέ
783 1945 896 2025 κοῦρε·

147 2042 237 2124 ἡμεῖς
253 2041 279 2106 δ’
296 2041 367 2106 αὖτ’
384 2039 473 2127 ὄρεός
489 2068 524 2106 τε
540 2040 596 2106 καὶ
614 2040 805 2121 ἱπποβότου
821 2041 945 2108 πεδίοιο

146 2146 250 2226 βουσὶ
266 2144 391 2228 νομοὺς,
408 2144 599 2230 Ὲεκάμεργε,
617 2143 815 2226 νομεύσομεν
830 2145 1058 2232 ἀγραύλοισιν.

147 2249 237 2317 ένθεν
252 2250 327 2320 ἀλις
342 2250 475 2332 τέξουσι
490 2245 568 2328 βόες
584 2245 736 2332 ταύροισι
750 2253 900 2330 μιγεῖσαι
994 2284 998 2291 «

145 2353 264 2437 μίγδην
281 2353 414 2433 θηλείας
430 2351 536 2417 τεκαὶ
552 2348 709 2434 ἄρσενας·
732 2364 792 2416 οὐδέ
808 2366 835 2416 τί
851 2386 883 2418 σε
899 2361 951 2434 χρὴ

147 2456 321 2542 κερδαλέον
336 2483 398 2541 περ
414 2453 510 2521 ἐόντα
525 2455 742 2538 περιζαμενῶς
759 2457 984 2542 κεχολῶσθαι.

186 2573 233 2628 υς
253 2572 346 2640 μιαν
362 2557 473 2643 ὤρεξ’·
496 2571 511 2623 ι
529 2570 555 2622 s·
571 2571 673 2635 ιειειτο
690 2570 785 2636 Φοῖβις
800 2573 949 2636 Ἀπολλων,

145 2659 250 2748 Ἑρμῇ
266 2661 292 2726 δ’
309 2662 503 2745 ἐγγυάλιξεν
518 2660 606 2751 ἐχειν
622 2675 738 2741 μάστιγα
753 2676 870 2743 φαεινὴν,

146 2889 180 2942 ἒσ,
194 2890 289 2955 δαημν
305 2893 361 2952 335,
374 2891 404 2943 cf.
416 2909 442 2944 v.
455 2894 621 2945 489.-475.
644 2889 698 2941 ἀλλ’
716 2891 769 2942 ἐπεὶ
786 2893 835 2955 ούυ,
854 2897 869 2954 ξ
885 2893 947 2954 467;
966 2911 982 2957 ρ
1000 2895 1056 2947 226.
1066 2915 1147 2947 -τοι

146 2974 216 3038 θυμὸς
227 2973 276 3037 ε’π·,
290 2978 311 3023 Α
325 2975 490 3027 173.—477.
513 2976 543 3024 σὺ
556 2975 582 3023 δέ
593 2993 640 3040 μοι,
653 2976 670 3023 λ
687 2975 748 3037 374;
768 2994 781 3024 ο
798 2976 954 3029 54Ο.-κι”ιδ.
973 2975 1012 3028 ἀπ.
1032 2994 1048 3040 y
1064 2980 1147 3033 57.-

145 3057 206 3109 478.
229 3074 253 3121 μ.
272 3075 298 3119 χ.
317 3059 387 3118 ἔχων,
406 3061 424 3106 0
443 3059 504 3120 717;
524 3061 544 3107 Ω
562 3060 728 3111 345.-479.
752 3058 778 3108 εὖ
795 3077 816 3112 κ.
834 3077 883 3112 κοσ,
902 3062 925 3107 Λ
942 3061 988 3120 48;
1014 3063 1041 3110 Μ
1064 3063 1147 3114 85.-

145 3140 207 3190 480.
231 3140 277 3192 δαι.
296 3140 349 3191 θαλ.
369 3143 392 3188 Η
410 3141 472 3203 475;
494 3141 686 3204 ymo-482.
709 3159 730 3192 ν,
749 3159 775 3189 τε
793 3160 813 3193 κ.
832 3145 870 3207 ἦρ,
891 3145 909 3190 Σ
927 3143 1097 3196 34Ο.-487.
1118 3147 1146 3193 τὸ

146 3240 218 3285 πρωτ.
238 3227 257 3270 Δ
275 3224 442 3276 267.-489.
466 3224 496 3276 cf.
514 3243 539 3277 v.
564 3224 733 3277 475.-490.
757 3242 777 3275 κ,
796 3242 817 3276 τ,
842 3224 894 3287 ἐγώ,
914 3228 928 3284 ζ
944 3224 1081 3288 32.-ὲγὼ
1105 3227 1144 3278 δυ.

146 3306 239 3366 Ῠ807;
259 3323 274 3354 τ
285 3307 451 3357 412.-494.
474 3307 504 3359 cf.
518 3326 542 3360 v.
555 3307 721 3359 407.-496.
745 3307 789 3355 ὁδ’
801 3308 862 3367 ἐδεξ.
875 3308 889 3356 θ
900 3309 961 3368 483;
981 3311 997 3367 ξ
1012 3309 1143 3361 113,-Φ.

145 3391 201 3440 Ἀπ.
215 3388 244 3440 cf.
259 3407 283 3442 v.
302 3389 467 3442 293.-497.
489 3408 514 3455 μ.
533 3398 571 3455 φα,
590 3394 613 3438 Κ
632 3390 694 3449 50ος
714 3392 733 3437 Τ
751 3391 813 3452 395;
832 3394 853 3438 Ψ
870 3391 1035 3442 384.-498.
1059 3394 1093 3444 Μ.
1113 3393 1144 3444 vl.

357 3480 369 3510 Ι
