2384 3848
113 213 206 280 xlviii
482 232 744 281 PROLEGOMENA.

155 397 222 470 125,
237 397 406 476 ἀθανάτῃσιν
414 397 513 476 χερσὶν
523 395 673 474 ἔπῶρξατο.
703 395 875 458 Lectionem
886 395 972 459 codd.
985 399 1118 461 restitui.

156 493 222 566 127,
238 495 297 554 ἐπεὶ
310 493 343 572 δή
357 514 412 573 pro
426 492 528 570 ἐπειδὴ,
541 493 631 553 metri
647 514 743 555 causa.

156 586 223 659 149,
239 588 377 664 ὀρχηστυῖ
388 606 443 666 pro
458 587 601 664 ὀρχηθμῷ.
644 585 680 646 cf.
696 591 756 647 not.
772 584 812 647 ad
825 585 882 647 Ιοο.

157 681 223 755 171,
239 681 370 757 ἐϋφήμως
382 702 438 762 pro
452 681 593 758 εὐφήμως,
607 682 696 742 metri
710 702 808 743 eausa.

116 841 235 921 Hymn.
249 841 284 902 ι’νι
299 842 359 903 θον.
374 867 384 902 .·

156 972 204 1044 86,
219 970 263 1030 διὰ
275 971 358 1049 τρίχα
367 991 422 1051 pro
433 970 569 1050 διάτριχα.
603 971 782 1033 conferatur
792 971 837 1033 La
848 971 948 1034 Roche
959 970 1000 1033 ad
1011 977 1035 1032 B
1048 975 1118 1035 655.

158 1067 224 1140 110,
240 1068 371 1127 ἁπασέων
383 1088 438 1147 pro
453 1069 570 1127 ἁπασῶν
583 1066 773 1148 (non-hom).

158 1164 225 1236 118,
239 1163 269 1223 δὲ
284 1164 399 1223 ἔπεσσιν
412 1184 466 1244 pro
480 1163 506 1223 δ’
520 1164 659 1225 ἐπέεσσιν.
700 1163 782 1226 Vide
795 1186 825 1245 Ρ.
840 1165 941 1227 xxxvi.

159 1260 225 1334 143,
241 1260 382 1337 ἓῦπήκτων
394 1281 449 1341 pro
463 1260 615 1336 εῧπήκτων,
629 1261 719 1322 metri
733 1282 839 1336 causa;
861 1263 897 1322 ef.
912 1283 941 1324 v.
959 1262 1027 1323 164.

159 1357 225 1431 160,
240 1357 303 1418 εἶδ’
317 1357 419 1419 ἐθέλεις
432 1377 486 1437 pro
501 1359 525 1416 εἰ
538 1355 567 1415 δὲ
580 1357 670 1419 θέλεις
684 1354 873 1438 (non-hom).

159 1454 217 1514 195
232 1460 262 1515 et
276 1454 344 1526 202,
359 1453 438 1513 κεδνὰ
452 1453 522 1512 ἰδυῖα
535 1473 590 1532 pro
604 1451 677 1512 κέδν’
691 1453 784 1514 εἰδυῖα.
827 1454 908 1515 Vide
926 1477 955 1536 p.
970 1456 1074 1518 xxxix.

160 1551 227 1622 199,
242 1550 304 1610 ω”πε
318 1549 375 1608 ἔπει
387 1569 442 1629 pro
457 1549 528 1609 οὔτ’
544 1549 610 1608 ἔπεϊ.
650 1548 732 1609 Vide
746 1571 775 1630 p.
791 1551 893 1612 xxxvi.

160 1645 227 1719 227,
243 1646 274 1705 οὕ
288 1649 310 1719 ἔ,
324 1646 413 1705 ἔολπα
425 1665 480 1724 pro
495 1645 526 1704 οὔ
538 1670 595 1721 μιν,
608 1644 704 1704 ἔολπα.
746 1645 827 1707 Vide
840 1668 870 1728 Ρ.
885 1648 987 1710 xxxvi.

160 1744 227 1815 320,
243 1741 402 1820 φωνήσασα
416 1740 483 1800 ἔπεα
496 1762 551 1822 pro
566 1741 717 1818 φωνήσασ’
731 1739 806 1801 ἔπεα.
848 1743 929 1804 Vide
942 1766 972 1826 Ρ.
988 1747 1091 1808 xxxvi.

161 1837 228 1911 379,
244 1841 293 1898 οὐκ
307 1835 419 1897 ἆέκοντε
431 1859 486 1918 pro
500 1840 550 1897 οὐκ
564 1839 669 1897 ἄκοντε.
711 1837 792 1900 Vide
805 1860 836 1920 Ρ.
850 1861 940 1902 xxxv.

160 1935 228 2008 483,
244 1934 303 1993 ἐπεὶ
317 1933 349 2011 δή
362 1954 418 2015 pro
432 1933 532 2012 ἐπειδή,
544 1933 633 1995 metri
645 1954 742 1995 causa.

126 2096 239 2176 Ηρνιιι.
254 2094 288 2155 ιἰι
302 2094 395 2156 Mero.
409 2118 419 2155 :

164 2227 190 2297 1,
205 2226 285 2302 ὕμνεε
297 2246 353 2306 pro
367 2225 452 2304 ὕμνει,
466 2226 556 2286 metri
570 2245 667 2286 causa.

162 2324 210 2396 20,
225 2324 273 2396 52,
288 2323 356 2395 356,
372 2323 431 2383 ἐπεὶ
444 2322 478 2400 δή
491 2343 546 2403 pro
561 2323 662 2402 ἐπειδὴ,
676 2322 765 2384 metri
779 2343 876 2386 eausa.

162 2418 211 2491 44,
227 2418 259 2478 ὅν
271 2444 303 2479 τε
314 2440 370 2500 pro
385 2419 455 2479 ὅντε.

164 2515 211 2587 52,
226 2515 316 2592 λύρην
329 2536 384 2596 pro
397 2518 498 2593 χεροῖν.

165 2611 231 2683 143,
246 2611 311 2669 οὐδέ
321 2611 352 2670 τί
363 2614 389 2671 οἱ
401 2632 456 2692 pro
471 2611 535 2672 οῧδέ
545 2613 589 2677 τίς
602 2615 637 2673 οἶ.
679 2612 761 2674 Vide
774 2635 804 2694 Ρ.
820 2612 862 2673 xl.

166 2708 232 2779 182,
247 2709 284 2784 ῥα
297 2708 398 2767 ἔπεσσι
410 2729 465 2788 pro
479 2707 504 2784 ῥ’
519 2707 644 2769 ἕπεέσσι.
685 2708 767 2770 Vide
780 2731 810 2790 Ρ.
825 2710 927 2772 xxxvi.

166 2805 233 2876 199,
248 2804 339 2863 εἵπου
352 2825 407 2884 pro
422 2804 509 2877 εἵπου,
524 2806 613 2866 metri
628 2826 724 2867 causa.

165 2903 233 2974 239,
249 2899 360 2959 ἔαύτόν
372 2922 427 2981 pro
441 2901 547 2961 ἔαυτόν.

165 2998 224 3058 243
239 3003 270 3057 et
283 2996 351 3068 321,
365 2997 474 3073 Λητόος
487 3019 542 3078 pro
555 3002 673 3075 Λητοῦς,
688 3000 777 3060 metri
791 3021 887 3061 causa.

166 3094 233 3168 274,
249 3091 309 3153 εἶδ’
323 3092 426 3156 ἐθέλεις
439 3115 494 3174 pro
508 3099 532 3155 εἰ
545 3095 574 3155 δὲ
587 3093 676 3158 θέλεις
691 3093 880 3178 (non-hom).

146 3249 149 3255 .
166 3192 234 3264 326,
248 3190 421 3252 Lectionem
435 3190 520 3252 codd.
535 3193 662 3253 restitui.

166 3286 234 3359 467,
249 3287 279 3346 ἐὺ
291 3307 346 3366 pro
360 3286 397 3360 εὖ,
412 3288 501 3349 metri
514 3310 611 3350 causa.

168 3385 235 3457 535,
249 3383 284 3444 τό
297 3407 330 3462 γε
343 3381 398 3443 οἶδε
412 3406 466 3465 pro
480 3386 513 3445 τὸ
526 3387 580 3466 γὰρ
594 3384 658 3445 οἶδε.
700 3382 781 3445 Vide
795 3405 824 3464 Ρ.
840 3385 880 3447 xl.
