2384 3848
100 241 142 304 08
464 239 498 292 V.
534 241 591 289 ΕΙΣ
615 242 741 290 κνιιαυ.

100 409 184 476 οὖλα
198 408 317 489 λαβὼν
332 409 490 491 ἐπέθηκεν
505 411 686 491 ἐπηετανά·
707 409 860 492 λάμπετο
877 409 912 475 δὲ
927 408 1016 496 φλὸξ

101 510 225 594 τηλόσε
241 518 353 599 φῦσαν
369 513 457 578 ἱεῖσα
471 512 574 600 πυρὸς
588 514 674 598 μέγα
688 513 880 595 δαιομένοιο.

102 621 189 707 ὄφρα
204 618 237 684 δὲ
252 631 304 700 πῦρ
321 632 421 684 ἀνέκαιε
437 616 498 696 βίη
515 631 611 682 κλυτοῦ
626 630 797 694 Ἡφαίστοιο,
1060 638 1091 679 115

102 721 210 810 τόφρα
225 721 251 787 δ’
268 718 464 810 ἐριβρύχους
482 735 588 801 ρελικας
606 734 667 799 βοῦς
682 720 770 785 εἷλκε
786 717 905 806 θύραζε

103 827 191 896 δοιὰς
206 840 271 907 ἄγχι
288 824 575 907 πυρόν-δύναμις
592 823 626 888 δέ
641 843 692 907 [οι
708 823 829 889 ἔπλετο
845 823 1028 904 πολλή·-

103 930 289 1016 άμφοτέρας
306 928 332 993 δ’
349 926 405 993 ἐπῖ
421 931 508 994 νῶτα
523 944 607 1008 χαμαὶ
626 941 689 1006 βάλε
705 925 918 1012 φυσιοώσας·

106 1031 284 1116 *ἐγκλίνων
299 1031 326 1096 δ’
343 1029 499 1104 ἐκύλινδε,
516 1030 556 1096 δι’
573 1030 691 1101 αἰῶνός
707 1028 904 1114 τετορήσας

104 1135 207 1221 [ἔργῳ
223 1134 250 1200 δ’
267 1133 361 1220 ἔργον
376 1134 488 1215 ὄπαζε,
504 1132 617 1216 ταμὼν
632 1133 712 1219 κρέα
726 1131 827 1197 πίονα
843 1131 951 1220 δημῷ·

105 1238 201 1303 ὤπτα
216 1237 243 1302 δ’
259 1236 341 1322 ἀμφ’
359 1235 510 1315 ὀβελοῖσι
526 1236 721 1322 πεπαρμένα
737 1235 954 1318 δουρατέοισι,

104 1342 231 1426 σάρκας
247 1338 328 1422 ὁμοῦ
343 1341 399 1406 καὶ
415 1343 501 1405 νῶτα
515 1340 683 1424 ηενγάσμια
698 1340 754 1404 καὶ
769 1352 851 1420 ρελαν
868 1354 933 1420 αἱμα

105 1443 257 1529 ἐργμένον
272 1445 306 1509 ἐν
320 1441 522 1532 χολάδεσσι·
544 1447 580 1510 τα
594 1457 619 1509 δ’
637 1443 738 1507 αὐτοῦ
754 1456 814 1507 κεῖτ’
831 1457 875 1509 ἐπὶ
891 1457 990 1525 χώρης·

104 1544 211 1632 ῥινοὺς
228 1545 254 1610 δ’
271 1546 469 1628 ἐξετάνυσσε
485 1546 728 1633 καταστυφέλῳ
744 1547 800 1611 ἐπὶ
816 1547 930 1633 πέτρῃ,

40 1712 45 1719 ,
106 1649 147 1717 ὡς
164 1646 212 1712 ἔτι
228 1652 284 1713 νῦν
299 1647 341 1712 τὰ
356 1647 472 1728 μέταζε
487 1647 704 1738 πολυχρόνιοι
720 1647 880 1734 πεφύασι,

105 1748 202 1837 δηρόν
216 1747 254 1829 δῆ
270 1750 353 1831 μετὰ
368 1756 474 1815 ταῦτα
489 1752 545 1816 καὶ
561 1752 709 1838 ἄκριτον·
732 1765 814 1831 αὐτὰρ
829 1766 920 1820 ἔπειτα

103 1853 225 1940 Ἑρμῆς
241 1851 443 1941 χαρμόφρων
458 1853 613 1940 εἰρύσατο
627 1872 708 1922 πίονα
726 1870 808 1937 ρέργα

104 1956 183 2041 λείῳ
199 1957 256 2023 ἐπὶ
271 1959 471 2037 πλαταμῶνι
487 1957 543 2022 καὶ
559 1957 681 2044 ἔσχισε
695 1958 820 2024 δώδεκα
834 1959 951 2046 μοίρας

105 2063 343 2146 κληροπαλεῖς·
360 2057 480 2125 Ιτέλεον
495 2059 529 2124 δὲ
543 2059 640 2144 ’γέρας
656 2062 843 2147 προσέθηκε
858 2065 1015 2152 [εκάστῃ.

105 2164 169 2230 ἐνθ’
186 2161 279 2244 ὁσίης
295 2163 419 2250 κρεάων
434 2162 608 2249 ἠράσσατο
624 2163 756 2245 κύδιμος
771 2163 911 2251 Ἑρμῆς·

106 2265 186 2348 ὀδμὴ
202 2268 266 2353 γάρ
280 2293 336 2349 μιν
352 2266 453 2353 ἔτειρε
468 2267 524 2332 καί
539 2279 665 2333 ἀθάνατόν
682 2301 729 2347 περ
745 2281 823 2335 ἐόντα

105 2369 218 2454 [ηδεῖ’·
242 2369 319 2434 ἀλλ’
337 2369 402 2434 οὐδ’
420 2369 462 2441 ὥς
478 2390 529 2454 [οι
543 2383 655 2436 ἐπείθετο
672 2385 748 2452 θυμός
764 2385 873 2454 ἀγήνωρ,

19 2540 22 2545 ,
105 2471 164 2537 καί
177 2498 212 2537 τε
226 2471 305 2554 μάλ’
323 2471 488 2558 ἱμείροντι,
505 2477 609 2560 περᾶν
625 2472 709 2561 ἱερῆς
725 2475 811 2541 κατὰ
826 2477 940 2563 δειρῆς.

104 2589 176 2641 ἀλλὰ
190 2587 285 2654 τὰμὲν
302 2589 442 2656 κατέθηκεν
456 2577 488 2647 ε’ς·
504 2577 620 2643 αὔλιον
637 2557 875 2667 ὑψιμέλαθρον,

105 2676 205 2759 δημόν
221 2678 277 2743 καὶ
293 2691 357 2758 κρέα
372 2691 468 2755 πολλά,
482 2679 626 2766 μετήορα
642 2680 668 2745 δ’
685 2681 763 2768 αἶψ’
778 2684 915 2770 ἀνάειρε,

105 2785 196 2862 σῆμα
211 2778 282 2859 νέης
298 2785 426 2867 φωρῆς·
449 2795 492 2847 ὄπι
508 2795 534 2848 δι
552 2797 618 2862 ξύλα
634 2797 741 2866 κάγκαν’
755 2775 887 2873 ἄχειρας

103 2992 196 3054 6287;
221 3011 239 3040 ω
257 2993 406 3046 75.-116.
429 2993 464 3047 έλ,
488 2995 554 3060 βοῦς,
578 3001 597 3046 Φ
619 2998 682 3061 448;
706 2999 723 3048 λ
745 3002 911 3056 289.-117.
935 3003 995 3067 ἄγχι
1017 3007 1100 3070 πυρόςΙ

103 3075 120 3122 λ
144 3076 309 3128 191.-118.
338 3094 398 3141 χορ.
422 3076 492 3141 βάλε,
512 3082 526 3127 Ι
544 3081 711 3135 541.-122.
729 3084 782 3148 μελ,
801 3084 867 3148 αἱμα,
886 3089 910 3134 Κ
928 3088 984 3149 298,
1002 3090 1101 3141 469.-

104 3157 164 3209 123.
188 3158 218 3208 cf.
242 3159 448 3211 moa-126.
472 3159 510 3212 ού,
528 3160 567 3213 ἐπ.
585 3162 615 3214 cf.
635 3163 690 3214 Del.
709 3167 860 3219 8l.-127.
883 3185 918 3219 πι.
937 3170 971 3232 έρ,
991 3173 1017 3219 Μ
1035 3173 1099 3235 283;

103 3239 185 3292 6318,
194 3242 296 3293 -131,
317 3240 353 3292 ἀί).
367 3259 419 3304 περ,
434 3245 448 3290 Ι
461 3244 571 3296 110.-,
586 3286 591 3296 .
605 3286 610 3295 ,
624 3246 698 3309 όνπερ
707 3246 784 3309 ἐόντα,
797 3248 822 3299 Α
835 3251 1000 3305 352.-132.
1018 3255 1099 3316 κ406,

102 3322 151 3375 475
163 3324 212 3389 (ιον
225 3329 251 3376 et
263 3324 341 3376 vicies
353 3325 378 3376 h.
390 3325 426 3391 1.).
435 3327 538 3378 -134,
562 3327 592 3378 cf.
606 3329 693 3390 v370;
714 3332 738 3378 Π
753 3333 792 3391 60,
805 3331 835 3382 cs.
849 3350 874 3385 v.
888 3336 926 3386 63.
936 3337 1038 3388 -135.
1062 3354 1099 3400 κρ.

102 3406 157 3457 πολ.
176 3424 194 3454 ω
211 3408 376 3460 364.-136.
400 3407 440 3457 ἐπὶ
457 3409 483 3457 δὲ
501 3410 552 3469 ξολ.
566 3426 618 3472 καγ.
637 3413 656 3458 Φ
673 3412 735 3473 364;
755 3429 770 3461 σ
787 3415 957 3469 308.-138.
980 3418 1039 3467 κατὰ
1056 3437 1098 3482 χρ.

960 3694 1019 3773 x&
