<?xml version="1.0" encoding="UTF-8"?>
<!DOCTYPE html PUBLIC "-//W3C//DTD XHTML 1.0 Transitional//EN"
    "http://www.w3.org/TR/xhtml1/DTD/xhtml1-transitional.dtd">
<html xmlns="http://www.w3.org/1999/xhtml" xml:lang="en" lang="en">
 <head>
  <title>
</title>
<meta http-equiv="Content-Type" content="text/html;charset=utf-8" />
  <meta name='ocr-system' content='tesseract 3.04.00' />
  <meta name='ocr-capabilities' content='ocr_page ocr_carea ocr_par ocr_line ocrx_word'/>
</head>
<body>
  <div class='ocr_page' id='page_1' title='image "./quainrehymnihom00stergoog_0040.png"; bbox 0 0 2384 3848; ppageno 0'>
   <div class='ocr_carea' id='block_1_1' title="bbox 481 267 1101 332">
    <p class='ocr_par' dir='ltr' id='par_1_1' title="bbox 481 267 1101 332">
     <span class='ocr_line' id='line_1_1' title="bbox 481 267 1101 332; baseline 0.002 -1"><span class='ocrx_word' id='word_1_1' title='bbox 481 282 527 332; x_wconf 82' lang='lat' dir='ltr'><strong>nn</strong></span> <span class='ocrx_word' id='word_1_2' title='bbox 549 282 722 332; x_wconf 77' lang='lat' dir='ltr'><strong>nrorrrrro.</strong></span> <span class='ocrx_word' id='word_1_3' title='bbox 1023 267 1101 332; x_wconf 84' lang='lat' dir='ltr'><strong>xxxi</strong></span> 
     </span>
    </p>
   </div>
   <div class='ocr_carea' id='block_1_2' title="bbox 92 447 1106 3513">
    <p class='ocr_par' dir='ltr' id='par_1_2' title="bbox 92 447 1106 3513">
     <span class='ocr_line' id='line_1_2' title="bbox 92 447 1102 531; baseline -0.002 -19"><span class='ocrx_word' id='word_1_4' title='bbox 92 451 233 531; x_wconf 66' lang='grc' dir='ltr'><strong>ἑρῶοινον.</strong></span> <span class='ocrx_word' id='word_1_5' title='bbox 277 448 342 511; x_wconf 80' lang='lat' dir='ltr'><strong>Sed</strong></span> <span class='ocrx_word' id='word_1_6' title='bbox 355 448 431 510; x_wconf 87' lang='lat' dir='ltr'><strong>falso</strong></span> <span class='ocrx_word' id='word_1_7' title='bbox 444 453 475 510; x_wconf 91' lang='lat' dir='ltr'><strong>et</strong></span> <span class='ocrx_word' id='word_1_8' title='bbox 488 448 528 511; x_wconf 92' lang='lat' dir='ltr'><strong>ad</strong></span> <span class='ocrx_word' id='word_1_9' title='bbox 541 448 701 510; x_wconf 82' lang='lat' dir='ltr'>arbitrium</span> <span class='ocrx_word' id='word_1_10' title='bbox 714 447 770 509; x_wconf 92' lang='lat' dir='ltr'><strong>hoo</strong></span> <span class='ocrx_word' id='word_1_11' title='bbox 784 448 827 511; x_wconf 88' lang='lat' dir='ltr'><strong>fit.</strong></span> <span class='ocrx_word' id='word_1_12' title='bbox 863 447 994 509; x_wconf 86' lang='lat' dir='ltr'><strong>Tantum</strong></span> <span class='ocrx_word' id='word_1_13' title='bbox 1008 448 1102 529; x_wconf 89' lang='lat' dir='ltr'><strong>igitur</strong></span> 
     </span>
     <span class='ocr_line' id='line_1_3' title="bbox 92 544 1101 627; baseline -0.005 -18"><span class='ocrx_word' id='word_1_14' title='bbox 92 548 176 609; x_wconf 86' lang='lat' dir='ltr'><strong>abest</strong></span> <span class='ocrx_word' id='word_1_15' title='bbox 189 553 226 608; x_wconf 90' lang='lat' dir='ltr'><strong>ut</strong></span> <span class='ocrx_word' id='word_1_16' title='bbox 238 546 301 607; x_wconf 87' lang='lat' dir='ltr'><strong>hae</strong></span> <span class='ocrx_word' id='word_1_17' title='bbox 315 566 365 606; x_wconf 88' lang='lat' dir='ltr'><strong>ras</strong></span> <span class='ocrx_word' id='word_1_18' title='bbox 378 551 480 607; x_wconf 88' lang='lat' dir='ltr'><strong>ratum</strong></span> <span class='ocrx_word' id='word_1_19' title='bbox 496 551 708 627; x_wconf 73' lang='lat' dir='ltr'><strong>argumentum</strong></span> <span class='ocrx_word' id='word_1_20' title='bbox 729 551 834 606; x_wconf 87' lang='lat' dir='ltr'><strong>contra</strong></span> <span class='ocrx_word' id='word_1_21' title='bbox 854 544 1022 605; x_wconf 77' lang='lat' dir='ltr'><strong>doctrinam</strong></span> <span class='ocrx_word' id='word_1_22' title='bbox 1036 545 1101 607; x_wconf 85' lang='lat' dir='ltr'><strong>vivi</strong></span> 
     </span>
     <span class='ocr_line' id='line_1_4' title="bbox 93 640 1101 726; baseline -0.006 -20"><span class='ocrx_word' id='word_1_23' title='bbox 93 644 238 726; x_wconf 87' lang='lat' dir='ltr'><strong>digammi</strong></span> <span class='ocrx_word' id='word_1_24' title='bbox 252 644 288 704; x_wconf 92' lang='lat' dir='ltr'><strong>in</strong></span> <span class='ocrx_word' id='word_1_25' title='bbox 302 641 426 722; x_wconf 84' lang='lat' dir='ltr'><strong>hymnis</strong></span> <span class='ocrx_word' id='word_1_26' title='bbox 441 641 570 702; x_wconf 86' lang='lat' dir='ltr'><strong>efficiant</strong></span> <span class='ocrx_word' id='word_1_27' title='bbox 586 648 622 704; x_wconf 86' lang='lat' dir='ltr'><strong>ut</strong></span> <span class='ocrx_word' id='word_1_28' title='bbox 642 663 761 703; x_wconf 85' lang='lat' dir='ltr'><strong>revera</strong></span> <span class='ocrx_word' id='word_1_29' title='bbox 781 640 962 702; x_wconf 86' lang='lat' dir='ltr'><strong>contrarium</strong></span> <span class='ocrx_word' id='word_1_30' title='bbox 982 646 1101 721; x_wconf 87' lang='lat' dir='ltr'><strong>partem</strong></span> 
     </span>
     <span class='ocr_line' id='line_1_5' title="bbox 94 737 1100 822; baseline -0.006 -20"><span class='ocrx_word' id='word_1_31' title='bbox 94 740 299 822; x_wconf 75' lang='lat' dir='ltr'><strong>comprobent,</strong></span> <span class='ocrx_word' id='word_1_32' title='bbox 315 737 480 800; x_wconf 91' lang='lat' dir='ltr'><strong>dummodo</strong></span> <span class='ocrx_word' id='word_1_33' title='bbox 493 760 600 801; x_wconf 86' lang='lat' dir='ltr'><strong>verum</strong></span> <span class='ocrx_word' id='word_1_34' title='bbox 617 759 796 820; x_wconf 78' lang='lat' dir='ltr'><strong>quaeramus</strong></span> <span class='ocrx_word' id='word_1_35' title='bbox 813 759 910 819; x_wconf 85' lang='lat' dir='ltr'><strong>nequo</strong></span> <span class='ocrx_word' id='word_1_36' title='bbox 925 738 1100 818; x_wconf 81' lang='lat' dir='ltr'><strong>intellegere</strong></span> 
     </span>
     <span class='ocr_line' id='line_1_6' title="bbox 94 833 1099 915; baseline -0.005 -17"><span class='ocrx_word' id='word_1_37' title='bbox 94 838 222 898; x_wconf 90' lang='lat' dir='ltr'><strong>nolimus</strong></span> <span class='ocrx_word' id='word_1_38' title='bbox 245 836 356 897; x_wconf 89' lang='lat' dir='ltr'><strong>inania</strong></span> <span class='ocrx_word' id='word_1_39' title='bbox 377 835 433 895; x_wconf 86' lang='lat' dir='ltr'><strong>illa</strong></span> <span class='ocrx_word' id='word_1_40' title='bbox 450 834 658 896; x_wconf 89' lang='lat' dir='ltr'><strong>additamenta</strong></span> <span class='ocrx_word' id='word_1_41' title='bbox 674 855 734 894; x_wconf 91' lang='lat' dir='ltr'><strong>non</strong></span> <span class='ocrx_word' id='word_1_42' title='bbox 752 856 770 896; x_wconf 91' lang='lat' dir='ltr'><strong>a</strong></span> <span class='ocrx_word' id='word_1_43' title='bbox 792 835 889 915; x_wconf 91' lang='lat' dir='ltr'><strong>poetis</strong></span> <span class='ocrx_word' id='word_1_44' title='bbox 909 833 1099 914; x_wconf 92' lang='lat' dir='ltr'><strong>hymnorum,</strong></span> 
     </span>
     <span class='ocr_line' id='line_1_7' title="bbox 98 930 1101 1012; baseline -0.004 -17"><span class='ocrx_word' id='word_1_45' title='bbox 98 933 150 995; x_wconf 86' lang='lat' dir='ltr'><strong>sed</strong></span> <span class='ocrx_word' id='word_1_46' title='bbox 161 934 327 995; x_wconf 86' lang='lat' dir='ltr'><strong>maximam</strong></span> <span class='ocrx_word' id='word_1_47' title='bbox 337 936 457 1012; x_wconf 90' lang='lat' dir='ltr'><strong>partem</strong></span> <span class='ocrx_word' id='word_1_48' title='bbox 467 930 505 992; x_wconf 91' lang='lat' dir='ltr'><strong>ab</strong></span> <span class='ocrx_word' id='word_1_49' title='bbox 520 930 708 1004; x_wconf 89' lang='lat' dir='ltr'><strong>Homeristis,</strong></span> <span class='ocrx_word' id='word_1_50' title='bbox 721 933 773 1012; x_wconf 92' lang='lat' dir='ltr'><strong>qui</strong></span> <span class='ocrx_word' id='word_1_51' title='bbox 788 931 933 1012; x_wconf 86' lang='lat' dir='ltr'><strong>digammi</strong></span> <span class='ocrx_word' id='word_1_52' title='bbox 947 930 1101 991; x_wconf 85' lang='lat' dir='ltr'><strong>doctrinae</strong></span> 
     </span>
     <span class='ocr_line' id='line_1_8' title="bbox 101 1026 1101 1111; baseline -0.003 -20"><span class='ocrx_word' id='word_1_53' title='bbox 101 1031 195 1111; x_wconf 80' lang='lat' dir='ltr'><strong>ignari</strong></span> <span class='ocrx_word' id='word_1_54' title='bbox 212 1029 352 1091; x_wconf 86' lang='lat' dir='ltr'><strong>carmina</strong></span> <span class='ocrx_word' id='word_1_55' title='bbox 371 1028 468 1089; x_wconf 88' lang='lat' dir='ltr'><strong>litoris</strong></span> <span class='ocrx_word' id='word_1_56' title='bbox 488 1027 681 1101; x_wconf 89' lang='lat' dir='ltr'><strong>mandarunt,</strong></span> <span class='ocrx_word' id='word_1_57' title='bbox 706 1028 852 1108; x_wconf 84' lang='lat' dir='ltr'><strong>originem</strong></span> <span class='ocrx_word' id='word_1_58' title='bbox 876 1026 992 1087; x_wconf 89' lang='lat' dir='ltr'><strong>ducere.</strong></span> <span class='ocrx_word' id='word_1_59' title='bbox 1041 1026 1101 1088; x_wconf 83' lang='lat' dir='ltr'><strong>Sed</strong></span> 
     </span>
     <span class='ocr_line' id='line_1_9' title="bbox 106 1121 1101 1204; baseline -0.003 -18"><span class='ocrx_word' id='word_1_60' title='bbox 106 1125 305 1186; x_wconf 85' lang='lat' dir='ltr'><strong>confitendum</strong></span> <span class='ocrx_word' id='word_1_61' title='bbox 315 1124 393 1185; x_wconf 89' lang='lat' dir='ltr'><strong>alios</strong></span> <span class='ocrx_word' id='word_1_62' title='bbox 406 1123 534 1204; x_wconf 82' lang='lat' dir='ltr'><strong>hymnos</strong></span> <span class='ocrx_word' id='word_1_63' title='bbox 547 1122 614 1185; x_wconf 89' lang='lat' dir='ltr'><strong>aliis</strong></span> <span class='ocrx_word' id='word_1_64' title='bbox 624 1122 809 1204; x_wconf 86' lang='lat' dir='ltr'><strong>temporibus</strong></span> <span class='ocrx_word' id='word_1_65' title='bbox 824 1128 855 1184; x_wconf 86' lang='lat' dir='ltr'><strong>et</strong></span> <span class='ocrx_word' id='word_1_66' title='bbox 868 1121 906 1183; x_wconf 90' lang='lat' dir='ltr'><strong>ab</strong></span> <span class='ocrx_word' id='word_1_67' title='bbox 920 1122 987 1183; x_wconf 89' lang='lat' dir='ltr'><strong>aliis</strong></span> <span class='ocrx_word' id='word_1_68' title='bbox 1001 1128 1101 1183; x_wconf 76' lang='lat' dir='ltr'><strong>aucto</strong></span> 
     </span>
     <span class='ocr_line' id='line_1_10' title="bbox 106 1218 1101 1302; baseline -0.003 -20"><span class='ocrx_word' id='word_1_69' title='bbox 106 1220 184 1282; x_wconf 85' lang='lat' dir='ltr'><strong>ribus</strong></span> <span class='ocrx_word' id='word_1_70' title='bbox 195 1223 321 1302; x_wconf 89' lang='lat' dir='ltr'><strong>scriptos</strong></span> <span class='ocrx_word' id='word_1_71' title='bbox 336 1242 408 1294; x_wconf 87' lang='lat' dir='ltr'><strong>esse,</strong></span> <span class='ocrx_word' id='word_1_72' title='bbox 422 1226 459 1281; x_wconf 89' lang='lat' dir='ltr'><strong>ut</strong></span> <span class='ocrx_word' id='word_1_73' title='bbox 478 1220 511 1280; x_wconf 90' lang='lat' dir='ltr'><strong>in</strong></span> <span class='ocrx_word' id='word_1_74' title='bbox 531 1219 604 1280; x_wconf 86' lang='lat' dir='ltr'><strong>haso</strong></span> <span class='ocrx_word' id='word_1_75' title='bbox 625 1241 658 1280; x_wconf 88' lang='lat' dir='ltr'><strong>rs</strong></span> <span class='ocrx_word' id='word_1_76' title='bbox 679 1218 842 1281; x_wconf 91' lang='lat' dir='ltr'><strong>iudicanda</strong></span> <span class='ocrx_word' id='word_1_77' title='bbox 858 1227 946 1280; x_wconf 88' lang='lat' dir='ltr'><strong>caute</strong></span> <span class='ocrx_word' id='word_1_78' title='bbox 959 1220 999 1280; x_wconf 88' lang='lat' dir='ltr'><strong>sit</strong></span> <span class='ocrx_word' id='word_1_79' title='bbox 1012 1241 1101 1300; x_wconf 86' lang='lat' dir='ltr'><strong>agen·</strong></span> 
     </span>
     <span class='ocr_line' id='line_1_11' title="bbox 107 1314 1101 1398; baseline -0.001 -21"><span class='ocrx_word' id='word_1_80' title='bbox 107 1316 182 1378; x_wconf 89' lang='lat' dir='ltr'><strong>dum.</strong></span> <span class='ocrx_word' id='word_1_81' title='bbox 220 1317 323 1398; x_wconf 84' lang='lat' dir='ltr'><strong>Atqui</strong></span> <span class='ocrx_word' id='word_1_82' title='bbox 345 1317 437 1378; x_wconf 88' lang='lat' dir='ltr'><strong>etiam</strong></span> <span class='ocrx_word' id='word_1_83' title='bbox 457 1317 489 1376; x_wconf 93' lang='lat' dir='ltr'><strong>in</strong></span> <span class='ocrx_word' id='word_1_84' title='bbox 509 1315 731 1397; x_wconf 89' lang='lat' dir='ltr'><strong>posterioribus,</strong></span> <span class='ocrx_word' id='word_1_85' title='bbox 747 1323 826 1377; x_wconf 87' lang='lat' dir='ltr'><strong>certe</strong></span> <span class='ocrx_word' id='word_1_86' title='bbox 841 1314 963 1396; x_wconf 92' lang='lat' dir='ltr'><strong>quidem</strong></span> <span class='ocrx_word' id='word_1_87' title='bbox 977 1317 1009 1376; x_wconf 93' lang='lat' dir='ltr'><strong>in</strong></span> <span class='ocrx_word' id='word_1_88' title='bbox 1023 1317 1101 1377; x_wconf 87' lang='lat' dir='ltr'><strong>onti-</strong></span> 
     </span>
     <span class='ocr_line' id='line_1_12' title="bbox 102 1411 1101 1495; baseline -0.002 -21"><span class='ocrx_word' id='word_1_89' title='bbox 102 1413 252 1495; x_wconf 87' lang='lat' dir='ltr'><strong>quioribus</strong></span> <span class='ocrx_word' id='word_1_90' title='bbox 273 1412 399 1493; x_wconf 88' lang='lat' dir='ltr'><strong>hymnis</strong></span> <span class='ocrx_word' id='word_1_91' title='bbox 427 1419 545 1474; x_wconf 88' lang='lat' dir='ltr'><strong>exstant</strong></span> <span class='ocrx_word' id='word_1_92' title='bbox 566 1411 679 1473; x_wconf 89' lang='lat' dir='ltr'><strong>indicia</strong></span> <span class='ocrx_word' id='word_1_93' title='bbox 702 1412 767 1474; x_wconf 81' lang='lat' dir='ltr'><strong>vivi</strong></span> <span class='ocrx_word' id='word_1_94' title='bbox 794 1412 946 1493; x_wconf 89' lang='lat' dir='ltr'><strong>digammi.</strong></span> <span class='ocrx_word' id='word_1_95' title='bbox 995 1412 1101 1493; x_wconf 86' lang='lat' dir='ltr'><strong>Neque</strong></span> 
     </span>
     <span class='ocr_line' id='line_1_13' title="bbox 97 1507 1102 1592; baseline -0.001 -21"><span class='ocrx_word' id='word_1_96' title='bbox 97 1509 210 1592; x_wconf 88' lang='lat' dir='ltr'><strong>pendet</strong></span> <span class='ocrx_word' id='word_1_97' title='bbox 222 1510 279 1570; x_wconf 89' lang='lat' dir='ltr'><strong>ille</strong></span> <span class='ocrx_word' id='word_1_98' title='bbox 300 1509 446 1590; x_wconf 84' lang='lat' dir='ltr'><strong>digammi</strong></span> <span class='ocrx_word' id='word_1_99' title='bbox 467 1530 538 1571; x_wconf 91' lang='lat' dir='ltr'><strong>usus</strong></span> <span class='ocrx_word' id='word_1_100' title='bbox 558 1531 575 1570; x_wconf 86' lang='lat' dir='ltr'><strong>o</strong></span> <span class='ocrx_word' id='word_1_101' title='bbox 595 1509 659 1570; x_wconf 89' lang='lat' dir='ltr'><strong>sola</strong></span> <span class='ocrx_word' id='word_1_102' title='bbox 676 1507 803 1570; x_wconf 89' lang='lat' dir='ltr'><strong>Homeri</strong></span> <span class='ocrx_word' id='word_1_103' title='bbox 819 1509 987 1570; x_wconf 84' lang='lat' dir='ltr'><strong>imitatione</strong></span> <span class='ocrx_word' id='word_1_104' title='bbox 1000 1510 1050 1570; x_wconf 83' lang='lat' dir='ltr'><strong>vel</strong></span> <span class='ocrx_word' id='word_1_105' title='bbox 1065 1531 1102 1570; x_wconf 90' lang='lat' dir='ltr'><strong>ex</strong></span> 
     </span>
     <span class='ocr_line' id='line_1_14' title="bbox 98 1604 1101 1686; baseline -0.001 -19"><span class='ocrx_word' id='word_1_106' title='bbox 98 1606 307 1668; x_wconf 80' lang='lat' dir='ltr'><strong>recordatione</strong></span> <span class='ocrx_word' id='word_1_107' title='bbox 334 1604 553 1667; x_wconf 84' lang='lat' dir='ltr'><strong>homericarum</strong></span> <span class='ocrx_word' id='word_1_108' title='bbox 584 1605 790 1666; x_wconf 89' lang='lat' dir='ltr'><strong>formularum.</strong></span> <span class='ocrx_word' id='word_1_109' title='bbox 834 1605 973 1686; x_wconf 84' lang='lat' dir='ltr'><strong>Exempli</strong></span> <span class='ocrx_word' id='word_1_110' title='bbox 994 1607 1101 1686; x_wconf 84' lang='lat' dir='ltr'><strong>gratia,</strong></span> 
     </span>
     <span class='ocr_line' id='line_1_15' title="bbox 99 1701 1103 1782; baseline -0.001 -18"><span class='ocrx_word' id='word_1_111' title='bbox 99 1703 176 1765; x_wconf 88' lang='lat' dir='ltr'><strong>Ven.</strong></span> <span class='ocrx_word' id='word_1_112' title='bbox 192 1703 221 1776; x_wconf 89' lang='lat'><strong>1,</strong></span> <span class='ocrx_word' id='word_1_113' title='bbox 238 1704 333 1762; x_wconf 83' lang='grc' dir='ltr'>ἔννεπε</span> <span class='ocrx_word' id='word_1_114' title='bbox 348 1701 415 1782; x_wconf 79' lang='grc' dir='ltr'>ἔργα</span> <span class='ocrx_word' id='word_1_115' title='bbox 428 1702 513 1762; x_wconf 90' lang='lat' dir='ltr'><strong>nullo</strong></span> <span class='ocrx_word' id='word_1_116' title='bbox 527 1701 653 1763; x_wconf 91' lang='lat' dir='ltr'><strong>Homeri</strong></span> <span class='ocrx_word' id='word_1_117' title='bbox 674 1702 740 1763; x_wconf 87' lang='lat' dir='ltr'><strong>loco</strong></span> <span class='ocrx_word' id='word_1_118' title='bbox 755 1707 866 1775; x_wconf 83' lang='lat' dir='ltr'><strong>exstat;</strong></span> <span class='ocrx_word' id='word_1_119' title='bbox 889 1703 947 1762; x_wconf 88' lang='lat' dir='ltr'><strong>scio</strong></span> <span class='ocrx_word' id='word_1_120' title='bbox 963 1702 1103 1781; x_wconf 89' lang='lat' dir='ltr'><strong>equidem</strong></span> 
     </span>
     <span class='ocr_line' id='line_1_16' title="bbox 99 1797 1102 1881; baseline 0 -21"><span class='ocrx_word' id='word_1_121' title='bbox 99 1806 220 1881; x_wconf 88' lang='lat' dir='ltr'><strong>poetam</strong></span> <span class='ocrx_word' id='word_1_122' title='bbox 234 1797 387 1878; x_wconf 87' lang='lat' dir='ltr'><strong>Odysseae</strong></span> <span class='ocrx_word' id='word_1_123' title='bbox 409 1798 566 1859; x_wconf 85' lang='lat' dir='ltr'><strong>exordium</strong></span> <span class='ocrx_word' id='word_1_124' title='bbox 586 1797 643 1858; x_wconf 91' lang='lat' dir='ltr'><strong>sibi</strong></span> <span class='ocrx_word' id='word_1_125' title='bbox 663 1799 859 1879; x_wconf 84' lang='lat' dir='ltr'><strong>proposuisse,</strong></span> <span class='ocrx_word' id='word_1_126' title='bbox 875 1798 956 1879; x_wconf 92' lang='lat' dir='ltr'><strong>quod</strong></span> <span class='ocrx_word' id='word_1_127' title='bbox 970 1798 1102 1860; x_wconf 87' lang='lat' dir='ltr'><strong>imitare-</strong></span> 
     </span>
     <span class='ocr_line' id='line_1_17' title="bbox 100 1893 1101 1975; baseline -0.001 -19"><span class='ocrx_word' id='word_1_128' title='bbox 100 1902 159 1968; x_wconf 90' lang='lat' dir='ltr'><strong>tur,</strong></span> <span class='ocrx_word' id='word_1_129' title='bbox 173 1893 228 1955; x_wconf 86' lang='lat' dir='ltr'><strong>sed</strong></span> <span class='ocrx_word' id='word_1_130' title='bbox 243 1893 430 1975; x_wconf 85' lang='lat' dir='ltr'><strong>digammum</strong></span> <span class='ocrx_word' id='word_1_131' title='bbox 444 1893 635 1956; x_wconf 85' lang='lat' dir='ltr'><strong>observatum</strong></span> <span class='ocrx_word' id='word_1_132' title='bbox 649 1916 708 1954; x_wconf 92' lang='lat' dir='ltr'><strong>non</strong></span> <span class='ocrx_word' id='word_1_133' title='bbox 726 1901 771 1954; x_wconf 92' lang='lat' dir='ltr'><strong>est</strong></span> <span class='ocrx_word' id='word_1_134' title='bbox 788 1894 980 1955; x_wconf 91' lang='lat' dir='ltr'><strong>homericum.</strong></span> <span class='ocrx_word' id='word_1_135' title='bbox 1023 1894 1101 1956; x_wconf 87' lang='lat' dir='ltr'><strong>Ven.</strong></span> 
     </span>
     <span class='ocr_line' id='line_1_18' title="bbox 103 1989 1101 2072; baseline 0 -21"><span class='ocrx_word' id='word_1_136' title='bbox 103 1992 149 2064; x_wconf 88' lang='lat' dir='ltr'><strong>lO,</strong></span> <span class='ocrx_word' id='word_1_137' title='bbox 162 1989 228 2050; x_wconf 77' lang='grc' dir='ltr'>ἀλλ’</span> <span class='ocrx_word' id='word_1_138' title='bbox 243 1991 299 2067; x_wconf 76' lang='grc' dir='ltr'><strong>ὅρα</strong></span> <span class='ocrx_word' id='word_1_139' title='bbox 311 1993 338 2050; x_wconf 85' lang='grc' dir='ltr'><strong>οἱ</strong></span> <span class='ocrx_word' id='word_1_140' title='bbox 350 1990 473 2067; x_wconf 82' lang='grc' dir='ltr'>πόλεμοί</span> <span class='ocrx_word' id='word_1_141' title='bbox 483 2016 514 2050; x_wconf 87' lang='grc' dir='ltr'><strong>τε</strong></span> <span class='ocrx_word' id='word_1_142' title='bbox 532 1990 597 2051; x_wconf 83' lang='grc' dir='ltr'>ἅδον</span> <span class='ocrx_word' id='word_1_143' title='bbox 617 1991 663 2049; x_wconf 82' lang='grc' dir='ltr'><strong>καὶ</strong></span> <span class='ocrx_word' id='word_1_144' title='bbox 683 1992 764 2072; x_wconf 81' lang='grc' dir='ltr'>ἔργον</span> <span class='ocrx_word' id='word_1_145' title='bbox 772 1989 885 2068; x_wconf 80' lang='grc' dir='ltr'>Ἄρηος.</span> <span class='ocrx_word' id='word_1_146' title='bbox 927 1991 1018 2071; x_wconf 85' lang='lat' dir='ltr'><strong>Pyth.</strong></span> <span class='ocrx_word' id='word_1_147' title='bbox 1034 1993 1101 2065; x_wconf 78' lang='lat'><strong>299,</strong></span> 
     </span>
     <span class='ocr_line' id='line_1_19' title="bbox 109 2086 1103 2167; baseline 0.004 -23"><span class='ocrx_word' id='word_1_148' title='bbox 109 2088 151 2145; x_wconf 83' lang='grc' dir='ltr'><strong>καὶ</strong></span> <span class='ocrx_word' id='word_1_149' title='bbox 169 2087 281 2164; x_wconf 78' lang='grc' dir='ltr'>δώματα</span> <span class='ocrx_word' id='word_1_150' title='bbox 301 2089 375 2145; x_wconf 79' lang='grc' dir='ltr'>καλὰ</span> <span class='ocrx_word' id='word_1_151' title='bbox 394 2088 519 2157; x_wconf 80' lang='grc' dir='ltr'><strong>ἕκαστος,</strong></span> <span class='ocrx_word' id='word_1_152' title='bbox 535 2087 687 2167; x_wconf 88' lang='lat' dir='ltr'><strong>exemplar</strong></span> <span class='ocrx_word' id='word_1_153' title='bbox 705 2087 796 2147; x_wconf 91' lang='lat' dir='ltr'><strong>huius</strong></span> <span class='ocrx_word' id='word_1_154' title='bbox 816 2086 874 2146; x_wconf 88' lang='lat' dir='ltr'><strong>loci</strong></span> <span class='ocrx_word' id='word_1_155' title='bbox 894 2088 1007 2148; x_wconf 87' lang='lat' dir='ltr'><strong>frustra</strong></span> <span class='ocrx_word' id='word_1_156' title='bbox 1020 2088 1103 2167; x_wconf 86' lang='lat' dir='ltr'><strong>apud</strong></span> 
     </span>
     <span class='ocr_line' id='line_1_20' title="bbox 110 2180 1103 2263; baseline 0.006 -23"><span class='ocrx_word' id='word_1_157' title='bbox 110 2180 270 2244; x_wconf 88' lang='lat' dir='ltr'><strong>Homerum</strong></span> <span class='ocrx_word' id='word_1_158' title='bbox 298 2183 448 2263; x_wconf 79' lang='lat' dir='ltr'><strong>quaesivit</strong></span> <span class='ocrx_word' id='word_1_159' title='bbox 475 2182 687 2244; x_wconf 88' lang='lat' dir='ltr'><strong>Windisohius.</strong></span> <span class='ocrx_word' id='word_1_160' title='bbox 730 2183 819 2263; x_wconf 91' lang='lat' dir='ltr'><strong>Pyth.</strong></span> <span class='ocrx_word' id='word_1_161' title='bbox 849 2185 896 2256; x_wconf 82' lang='lat'><strong>20,</strong></span> <span class='ocrx_word' id='word_1_162' title='bbox 925 2187 1001 2244; x_wconf 74' lang='grc' dir='ltr'>ἀλλὰ</span> <span class='ocrx_word' id='word_1_163' title='bbox 1023 2187 1103 2262; x_wconf 80' lang='grc' dir='ltr'>μάλα</span> 
     </span>
     <span class='ocr_line' id='line_1_21' title="bbox 104 2278 1104 2360; baseline 0.004 -22"><span class='ocrx_word' id='word_1_164' title='bbox 104 2278 212 2358; x_wconf 74' lang='grc' dir='ltr'>μεγάλη</span> <span class='ocrx_word' id='word_1_165' title='bbox 234 2306 268 2340; x_wconf 82' lang='grc' dir='ltr'><strong>τε</strong></span> <span class='ocrx_word' id='word_1_166' title='bbox 293 2279 366 2350; x_wconf 71' lang='grc' dir='ltr'>ἰδεῖν,</span> <span class='ocrx_word' id='word_1_167' title='bbox 381 2279 476 2339; x_wconf 87' lang='lat' dir='ltr'><strong>forma</strong></span> <span class='ocrx_word' id='word_1_168' title='bbox 499 2278 564 2338; x_wconf 79' lang='grc' dir='ltr'>ἰδεῖν</span> <span class='ocrx_word' id='word_1_169' title='bbox 584 2278 700 2339; x_wconf 91' lang='lat' dir='ltr'><strong>duobus</strong></span> <span class='ocrx_word' id='word_1_170' title='bbox 719 2284 839 2340; x_wconf 86' lang='lat' dir='ltr'><strong>tantum</strong></span> <span class='ocrx_word' id='word_1_171' title='bbox 860 2281 1010 2360; x_wconf 83' lang='lat' dir='ltr'><strong>Odysseae</strong></span> <span class='ocrx_word' id='word_1_172' title='bbox 1032 2282 1104 2343; x_wconf 89' lang='lat' dir='ltr'><strong>locis</strong></span> 
     </span>
     <span class='ocr_line' id='line_1_22' title="bbox 103 2375 1104 2457; baseline 0.003 -22"><span class='ocrx_word' id='word_1_173' title='bbox 103 2381 199 2436; x_wconf 71' lang='lat' dir='ltr'><strong>exstat</strong></span> <span class='ocrx_word' id='word_1_174' title='bbox 220 2377 257 2456; x_wconf 83' lang='grc' dir='ltr'><strong>(λ</strong></span> <span class='ocrx_word' id='word_1_175' title='bbox 280 2375 348 2448; x_wconf 84' lang='grc'>143,</span> <span class='ocrx_word' id='word_1_176' title='bbox 363 2376 432 2434; x_wconf 74' lang='grc' dir='ltr'>ἄντα</span> <span class='ocrx_word' id='word_1_177' title='bbox 453 2375 525 2446; x_wconf 77' lang='grc' dir='ltr'>ἰδεῖν,</span> <span class='ocrx_word' id='word_1_178' title='bbox 541 2381 572 2436; x_wconf 76' lang='lat' dir='ltr'><strong>et</strong></span> <span class='ocrx_word' id='word_1_179' title='bbox 590 2402 613 2434; x_wconf 87' lang='grc' dir='ltr'>π</span> <span class='ocrx_word' id='word_1_180' title='bbox 627 2376 693 2448; x_wconf 84' lang='grc'>144,</span> <span class='ocrx_word' id='word_1_181' title='bbox 711 2376 777 2457; x_wconf 79' lang='grc' dir='ltr'>ἔργα</span> <span class='ocrx_word' id='word_1_182' title='bbox 796 2376 882 2456; x_wconf 80' lang='grc' dir='ltr'>ἰδεῖν),</span> <span class='ocrx_word' id='word_1_183' title='bbox 898 2377 1104 2439; x_wconf 80' lang='lat' dir='ltr'><strong>Windischius</strong></span> 
     </span>
     <span class='ocr_line' id='line_1_23' title="bbox 100 2471 1105 2554; baseline 0.004 -21"><span class='ocrx_word' id='word_1_184' title='bbox 100 2471 193 2553; x_wconf 87' lang='lat' dir='ltr'><strong>igitur</strong></span> <span class='ocrx_word' id='word_1_185' title='bbox 207 2471 249 2533; x_wconf 92' lang='lat' dir='ltr'><strong>ad</strong></span> <span class='ocrx_word' id='word_1_186' title='bbox 260 2471 337 2532; x_wconf 88' lang='lat' dir='ltr'><strong>alias</strong></span> <span class='ocrx_word' id='word_1_187' title='bbox 351 2471 459 2531; x_wconf 90' lang='lat' dir='ltr'><strong>formas</strong></span> <span class='ocrx_word' id='word_1_188' title='bbox 470 2472 611 2554; x_wconf 88' lang='lat' dir='ltr'><strong>confugit,</strong></span> <span class='ocrx_word' id='word_1_189' title='bbox 623 2472 676 2532; x_wconf 90' lang='lat' dir='ltr'><strong>sed</strong></span> <span class='ocrx_word' id='word_1_190' title='bbox 690 2499 721 2532; x_wconf 84' lang='grc' dir='ltr'><strong>τε</strong></span> <span class='ocrx_word' id='word_1_191' title='bbox 735 2471 851 2534; x_wconf 89' lang='lat' dir='ltr'><strong>duobus</strong></span> <span class='ocrx_word' id='word_1_192' title='bbox 864 2480 984 2535; x_wconf 90' lang='lat' dir='ltr'><strong>tantum</strong></span> <span class='ocrx_word' id='word_1_193' title='bbox 998 2474 1105 2537; x_wconf 88' lang='lat' dir='ltr'><strong>Iliadis</strong></span> 
     </span>
     <span class='ocr_line' id='line_1_24' title="bbox 99 2564 1103 2648; baseline 0.005 -20"><span class='ocrx_word' id='word_1_194' title='bbox 99 2567 171 2629; x_wconf 91' lang='lat' dir='ltr'><strong>locis</strong></span> <span class='ocrx_word' id='word_1_195' title='bbox 195 2564 228 2627; x_wconf 71' lang='lat' dir='ltr'><strong>A‘</strong></span> <span class='ocrx_word' id='word_1_196' title='bbox 249 2566 319 2639; x_wconf 79' lang='lat'><strong>279,</strong></span> <span class='ocrx_word' id='word_1_197' title='bbox 343 2568 458 2646; x_wconf 84' lang='grc' dir='ltr'>ῥίγησέν</span> <span class='ocrx_word' id='word_1_198' title='bbox 473 2593 505 2627; x_wconf 84' lang='grc' dir='ltr'><strong>τε</strong></span> <span class='ocrx_word' id='word_1_199' title='bbox 520 2568 588 2639; x_wconf 79' lang='grc' dir='ltr'>ἰδών,</span> <span class='ocrx_word' id='word_1_200' title='bbox 604 2575 634 2629; x_wconf 91' lang='lat' dir='ltr'><strong>et</strong></span> <span class='ocrx_word' id='word_1_201' title='bbox 649 2569 679 2628; x_wconf 90' lang='lat' dir='ltr'>K</span> <span class='ocrx_word' id='word_1_202' title='bbox 696 2569 741 2640; x_wconf 84' lang='lat'><strong>14,</strong></span> <span class='ocrx_word' id='word_1_203' title='bbox 757 2570 823 2644; x_wconf 80' lang='grc' dir='ltr'>νῆάς</span> <span class='ocrx_word' id='word_1_204' title='bbox 841 2597 872 2629; x_wconf 84' lang='grc' dir='ltr'><strong>τε</strong></span> <span class='ocrx_word' id='word_1_205' title='bbox 889 2571 941 2631; x_wconf 84' lang='grc' dir='ltr'>ἴδοι</span> <span class='ocrx_word' id='word_1_206' title='bbox 955 2574 1103 2648; x_wconf 74' lang='lat' dir='ltr'><strong>occurrit,</strong></span> 
     </span>
     <span class='ocr_line' id='line_1_25' title="bbox 99 2663 1104 2747; baseline 0.004 -21"><span class='ocrx_word' id='word_1_207' title='bbox 99 2666 274 2745; x_wconf 88' lang='lat' dir='ltr'><strong>saepissime</strong></span> <span class='ocrx_word' id='word_1_208' title='bbox 289 2667 394 2723; x_wconf 87' lang='lat' dir='ltr'><strong>contra</strong></span> <span class='ocrx_word' id='word_1_209' title='bbox 407 2663 590 2726; x_wconf 88' lang='lat' dir='ltr'><strong>antecedunt</strong></span> <span class='ocrx_word' id='word_1_210' title='bbox 603 2663 717 2741; x_wconf 81' lang='grc' dir='ltr'>ὑπόδρα,</span> <span class='ocrx_word' id='word_1_211' title='bbox 733 2663 818 2740; x_wconf 84' lang='grc' dir='ltr'>ὄφρα,</span> <span class='ocrx_word' id='word_1_212' title='bbox 834 2666 932 2742; x_wconf 83' lang='grc' dir='ltr'>θαῦμα,</span> <span class='ocrx_word' id='word_1_213' title='bbox 947 2674 1003 2729; x_wconf 89' lang='lat' dir='ltr'><strong>etc.</strong></span> <span class='ocrx_word' id='word_1_214' title='bbox 1045 2668 1104 2747; x_wconf 86' lang='lat' dir='ltr'><strong>(Of.</strong></span> 
     </span>
     <span class='ocr_line' id='line_1_26' title="bbox 100 2757 1104 2839; baseline 0.006 -19"><span class='ocrx_word' id='word_1_215' title='bbox 100 2760 194 2822; x_wconf 86' lang='lat' dir='ltr'><strong>Mero.</strong></span> <span class='ocrx_word' id='word_1_216' title='bbox 210 2763 261 2833; x_wconf 83' lang='lat'><strong>92,</strong></span> <span class='ocrx_word' id='word_1_217' title='bbox 278 2761 327 2817; x_wconf 84' lang='grc' dir='ltr'><strong>καί</strong></span> <span class='ocrx_word' id='word_1_218' title='bbox 340 2784 370 2818; x_wconf 86' lang='grc' dir='ltr'><strong>τε</strong></span> <span class='ocrx_word' id='word_1_219' title='bbox 391 2758 475 2839; x_wconf 81' lang='grc' dir='ltr'>ἰδών.)</span> <span class='ocrx_word' id='word_1_220' title='bbox 518 2759 607 2837; x_wconf 92' lang='lat' dir='ltr'><strong>Pyth.</strong></span> <span class='ocrx_word' id='word_1_221' title='bbox 625 2757 691 2833; x_wconf 84' lang='lat'><strong>107,</strong></span> <span class='ocrx_word' id='word_1_222' title='bbox 707 2760 772 2822; x_wconf 83' lang='grc' dir='ltr'>ἔνθα</span> <span class='ocrx_word' id='word_1_223' title='bbox 790 2762 864 2833; x_wconf 83' lang='grc' dir='ltr'>ἅναξ,</span> <span class='ocrx_word' id='word_1_224' title='bbox 885 2762 986 2823; x_wconf 91' lang='lat' dir='ltr'><strong>hiatus</strong></span> <span class='ocrx_word' id='word_1_225' title='bbox 1007 2772 1052 2825; x_wconf 87' lang='lat' dir='ltr'><strong>est</strong></span> <span class='ocrx_word' id='word_1_226' title='bbox 1071 2767 1104 2826; x_wconf 91' lang='lat' dir='ltr'><strong>in</strong></span> 
     </span>
     <span class='ocr_line' id='line_1_27' title="bbox 100 2853 1103 2939; baseline 0.005 -23"><span class='ocrx_word' id='word_1_227' title='bbox 100 2857 232 2918; x_wconf 89' lang='lat' dir='ltr'><strong>secundo</strong></span> <span class='ocrx_word' id='word_1_228' title='bbox 259 2853 338 2936; x_wconf 86' lang='lat' dir='ltr'><strong>pede</strong></span> <span class='ocrx_word' id='word_1_229' title='bbox 362 2876 416 2915; x_wconf 89' lang='lat' dir='ltr'><strong>nec</strong></span> <span class='ocrx_word' id='word_1_230' title='bbox 441 2854 545 2916; x_wconf 89' lang='lat' dir='ltr'><strong>similis</strong></span> <span class='ocrx_word' id='word_1_231' title='bbox 570 2856 696 2916; x_wconf 90' lang='lat' dir='ltr'><strong>Homeri</strong></span> <span class='ocrx_word' id='word_1_232' title='bbox 720 2857 802 2917; x_wconf 90' lang='lat' dir='ltr'><strong>locus</strong></span> <span class='ocrx_word' id='word_1_233' title='bbox 829 2859 861 2917; x_wconf 92' lang='lat' dir='ltr'><strong>in</strong></span> <span class='ocrx_word' id='word_1_234' title='bbox 885 2865 1027 2939; x_wconf 92' lang='lat' dir='ltr'><strong>promptu</strong></span> <span class='ocrx_word' id='word_1_235' title='bbox 1050 2867 1103 2922; x_wconf 86' lang='lat' dir='ltr'><strong>est.</strong></span> 
     </span>
     <span class='ocr_line' id='line_1_28' title="bbox 101 2949 1103 3034; baseline 0.003 -22"><span class='ocrx_word' id='word_1_236' title='bbox 101 2952 164 3015; x_wconf 85' lang='lat' dir='ltr'><strong>Del.</strong></span> <span class='ocrx_word' id='word_1_237' title='bbox 184 2955 235 3025; x_wconf 84' lang='lat'><strong>45,</strong></span> <span class='ocrx_word' id='word_1_238' title='bbox 251 2951 388 3010; x_wconf 75' lang='grc' dir='ltr'>ὠδίνουσα</span> <span class='ocrx_word' id='word_1_239' title='bbox 407 2949 573 3025; x_wconf 84' lang='grc' dir='ltr'>Ὲκυβόλον.</span> <span class='ocrx_word' id='word_1_240' title='bbox 615 2952 680 3013; x_wconf 71' lang='lat' dir='ltr'><strong>Del.</strong></span> <span class='ocrx_word' id='word_1_241' title='bbox 700 2953 747 3025; x_wconf 87' lang='grc'><strong>56,</strong></span> <span class='ocrx_word' id='word_1_242' title='bbox 761 2952 939 3016; x_wconf 85' lang='grc' dir='ltr'>Ἀπολλωνος</span> <span class='ocrx_word' id='word_1_243' title='bbox 964 2954 1103 3034; x_wconf 79' lang='grc' dir='ltr'>ἑκαέργου.</span> 
     </span>
     <span class='ocr_line' id='line_1_29' title="bbox 100 3046 1104 3130; baseline 0.002 -20"><span class='ocrx_word' id='word_1_244' title='bbox 100 3049 145 3110; x_wconf 89' lang='lat' dir='ltr'><strong>Ut</strong></span> <span class='ocrx_word' id='word_1_245' title='bbox 157 3070 255 3130; x_wconf 86' lang='lat' dir='ltr'><strong>supra</strong></span> <span class='ocrx_word' id='word_1_246' title='bbox 270 3046 341 3120; x_wconf 83' lang='lat' dir='ltr'><strong>dixi,</strong></span> <span class='ocrx_word' id='word_1_247' title='bbox 357 3047 430 3108; x_wconf 87' lang='lat' dir='ltr'><strong>llias</strong></span> <span class='ocrx_word' id='word_1_248' title='bbox 445 3052 475 3106; x_wconf 94' lang='lat' dir='ltr'><strong>et</strong></span> <span class='ocrx_word' id='word_1_249' title='bbox 489 3046 623 3129; x_wconf 88' lang='lat' dir='ltr'><strong>Odyssea</strong></span> <span class='ocrx_word' id='word_1_250' title='bbox 643 3056 734 3130; x_wconf 88' lang='lat' dir='ltr'><strong>atqua</strong></span> <span class='ocrx_word' id='word_1_251' title='bbox 755 3050 845 3110; x_wconf 90' lang='lat' dir='ltr'><strong>etiam</strong></span> <span class='ocrx_word' id='word_1_252' title='bbox 866 3050 962 3109; x_wconf 90' lang='lat' dir='ltr'><strong>multo</strong></span> <span class='ocrx_word' id='word_1_253' title='bbox 979 3052 1104 3112; x_wconf 88' lang='lat' dir='ltr'><strong>recenti·</strong></span> 
     </span>
     <span class='ocr_line' id='line_1_30' title="bbox 103 3143 1106 3227; baseline 0.002 -23"><span class='ocrx_word' id='word_1_254' title='bbox 103 3167 166 3206; x_wconf 89' lang='lat' dir='ltr'><strong>ores</strong></span> <span class='ocrx_word' id='word_1_255' title='bbox 192 3143 316 3224; x_wconf 88' lang='lat' dir='ltr'><strong>Hymni</strong></span> <span class='ocrx_word' id='word_1_256' title='bbox 340 3165 374 3203; x_wconf 95' lang='lat' dir='ltr'><strong>eo</strong></span> <span class='ocrx_word' id='word_1_257' title='bbox 397 3151 531 3222; x_wconf 88' lang='lat' dir='ltr'><strong>tempore</strong></span> <span class='ocrx_word' id='word_1_258' title='bbox 554 3147 717 3227; x_wconf 89' lang='lat' dir='ltr'><strong>composita</strong></span> <span class='ocrx_word' id='word_1_259' title='bbox 741 3153 819 3219; x_wconf 90' lang='lat' dir='ltr'><strong>sunt,</strong></span> <span class='ocrx_word' id='word_1_260' title='bbox 840 3167 898 3226; x_wconf 93' lang='lat' dir='ltr'><strong>quo</strong></span> <span class='ocrx_word' id='word_1_261' title='bbox 920 3146 1032 3205; x_wconf 85' lang='lat' dir='ltr'><strong>aeolica</strong></span> <span class='ocrx_word' id='word_1_262' title='bbox 1052 3146 1106 3207; x_wconf 90' lang='lat' dir='ltr'><strong>illa</strong></span> 
     </span>
     <span class='ocr_line' id='line_1_31' title="bbox 102 3240 1104 3322; baseline 0.003 -22"><span class='ocrx_word' id='word_1_263' title='bbox 102 3240 193 3302; x_wconf 77' lang='lat' dir='ltr'><strong>Etera</strong></span> <span class='ocrx_word' id='word_1_264' title='bbox 207 3260 386 3300; x_wconf 83' lang='lat' dir='ltr'><strong>evanescere</strong></span> <span class='ocrx_word' id='word_1_265' title='bbox 401 3241 460 3299; x_wconf 88' lang='lat' dir='ltr'><strong>iam</strong></span> <span class='ocrx_word' id='word_1_266' title='bbox 476 3250 621 3322; x_wconf 88' lang='lat' dir='ltr'><strong>coeperat.</strong></span> <span class='ocrx_word' id='word_1_267' title='bbox 664 3242 762 3322; x_wconf 86' lang='lat' dir='ltr'><strong>Atqui</strong></span> <span class='ocrx_word' id='word_1_268' title='bbox 782 3243 871 3302; x_wconf 89' lang='lat' dir='ltr'><strong>litera</strong></span> <span class='ocrx_word' id='word_1_269' title='bbox 892 3241 963 3301; x_wconf 92' lang='lat' dir='ltr'><strong>olim</strong></span> <span class='ocrx_word' id='word_1_270' title='bbox 981 3248 1011 3302; x_wconf 92' lang='lat' dir='ltr'><strong>et</strong></span> <span class='ocrx_word' id='word_1_271' title='bbox 1026 3242 1104 3303; x_wconf 86' lang='lat' dir='ltr'><strong>clare</strong></span> 
     </span>
     <span class='ocr_line' id='line_1_32' title="bbox 104 3333 1104 3419; baseline 0.002 -23"><span class='ocrx_word' id='word_1_272' title='bbox 104 3334 308 3416; x_wconf 88' lang='lat' dir='ltr'><strong>pronunciata</strong></span> <span class='ocrx_word' id='word_1_273' title='bbox 321 3357 381 3395; x_wconf 90' lang='lat' dir='ltr'><strong>non</strong></span> <span class='ocrx_word' id='word_1_274' title='bbox 395 3333 493 3395; x_wconf 88' lang='lat' dir='ltr'><strong>subito</strong></span> <span class='ocrx_word' id='word_1_275' title='bbox 508 3337 625 3419; x_wconf 89' lang='lat' dir='ltr'><strong>dilapsa</strong></span> <span class='ocrx_word' id='word_1_276' title='bbox 639 3344 699 3411; x_wconf 88' lang='lat' dir='ltr'><strong>est;</strong></span> <span class='ocrx_word' id='word_1_277' title='bbox 722 3359 793 3397; x_wconf 92' lang='lat' dir='ltr'><strong>nam</strong></span> <span class='ocrx_word' id='word_1_278' title='bbox 814 3337 1010 3398; x_wconf 88' lang='lat' dir='ltr'><strong>intervallum</strong></span> <span class='ocrx_word' id='word_1_279' title='bbox 1030 3345 1104 3398; x_wconf 89' lang='lat' dir='ltr'><strong>tem·</strong></span> 
     </span>
     <span class='ocr_line' id='line_1_33' title="bbox 106 3431 1105 3513; baseline 0.001 -20"><span class='ocrx_word' id='word_1_280' title='bbox 106 3434 186 3512; x_wconf 88' lang='lat' dir='ltr'><strong>poris</strong></span> <span class='ocrx_word' id='word_1_281' title='bbox 200 3451 263 3492; x_wconf 92' lang='lat' dir='ltr'><strong>non</strong></span> <span class='ocrx_word' id='word_1_282' title='bbox 279 3431 420 3513; x_wconf 85' lang='lat' dir='ltr'><strong>exiguum</strong></span> <span class='ocrx_word' id='word_1_283' title='bbox 440 3435 616 3510; x_wconf 89' lang='lat' dir='ltr'><strong>praeterisse</strong></span> <span class='ocrx_word' id='word_1_284' title='bbox 629 3439 721 3513; x_wconf 89' lang='lat' dir='ltr'><strong>patet,</strong></span> <span class='ocrx_word' id='word_1_285' title='bbox 736 3435 913 3513; x_wconf 90' lang='lat' dir='ltr'><strong>priusquam</strong></span> <span class='ocrx_word' id='word_1_286' title='bbox 933 3433 1105 3494; x_wconf 91' lang='lat' dir='ltr'><strong>huiusmodi</strong></span> 
     </span>
    </p>
   </div>
   <div class='ocr_carea' id='block_1_3' title="bbox 0 0 1207 3848">
    <p class='ocr_par' dir='ltr' id='par_1_3' title="bbox 0 0 1207 3848">
     <span class='ocr_line' id='line_1_34' title="bbox 0 0 1207 3848; baseline 0 0"><span class='ocrx_word' id='word_1_287' title='bbox 0 0 1207 3848; x_wconf 95' lang='lat' dir='ltr'><strong> </strong></span> 
     </span>
    </p>
   </div>
  </div>
 </body>
</html>
