2384 3848
479 205 525 252 na
547 204 717 252 nroauuo.
994 189 1096 252 xxxiii

95 373 176 435 vocis
196 369 404 432 antecedentis
425 391 485 430 non
505 369 625 430 faciat*
667 369 701 430 G.
718 367 819 430 Christ
839 370 980 450 opinatur
1001 369 1096 430 elisio·

94 489 163 529 nem
177 467 291 530 vocalis
305 466 510 528 antecedentis
524 473 594 527 ante
608 454 717 528 uocem¹
733 487 751 525 a
773 465 922 546 digammo
937 467 1009 526 olim
1023 467 1096 527 inci-

92 567 227 647 pientem
254 564 400 624 maiorem
432 563 672 623 imminutionem
699 563 746 624 vis
774 562 917 642 digammi
945 562 1094 625 exhibere.

93 662 141 722 Ex
165 661 318 722 contrario
340 660 543 720 firmissimum
565 666 610 721 est
633 659 819 740 digammum
840 657 893 719 ubi
908 659 1043 720 vocalem
1063 661 1096 720 in

91 758 170 820 thesi
183 756 337 838 producit.
379 755 562 817 Huiusmodi
575 755 787 836 productiones
807 754 866 815 duo
888 756 1096 817 tantummodo

91 853 232 934 exempla
245 875 284 914 ex
297 852 419 933 hymnis
432 853 565 933 proferre
578 873 707 934 possum,
724 872 818 931 eaque
839 858 909 912 ante
929 873 1094 932 pronomen

91 950 200 1010 tertiae
214 969 369 1030 personae.
411 948 523 1009 Tamen
537 969 642 1009 moneo
663 948 741 1008 hanc
761 946 990 1028 productionem
1004 949 1095 1010 etiam

94 1046 127 1106 in
139 1045 237 1106 Iliade
252 1052 284 1107 et
298 1044 433 1125 Odyssea
446 1066 514 1106 raro
527 1045 667 1106 inveniri.

137 1141 225 1203 Addo
247 1163 296 1202 me
318 1163 367 1202 eas
383 1128 507 1202 tantum
521 1162 608 1203 voces
622 1141 805 1202 examinasse
825 1161 899 1220 quas
914 1140 949 1202 C.
966 1139 1095 1220 christ

99 1237 258 1298 secundum
282 1237 417 1298 Leskinii
438 1239 586 1298 rationem
609 1238 749 1318 respexit.
792 1236 900 1316 ltaque
922 1257 989 1297 cum
1008 1259 1094 1298 voca·

97 1332 168 1395 bula
186 1334 319 1395 incertae
335 1333 540 1414 etymologiae,
553 1340 587 1394 ut
600 1335 707 1411 ῥύομαι,
727 1334 823 1409 ἔθειρα,
839 1333 947 1402 ἐτώσια,
963 1333 1014 1403 ἑός,
1030 1340 1095 1394 tum

95 1451 129 1492 ea
157 1453 235 1512 quae
262 1432 324 1491 iam
352 1430 434 1510 apud
462 1431 628 1491 Homerum
656 1431 840 1512 digammum
868 1430 1038 1504 amiserant,
1061 1437 1095 1492 ut

92 1527 207 1606 ἔρεείνω,
222 1528 305 1605 ὁρόω,
321 1528 400 1599 ἕλκω,
415 1527 625 1590 exeluduntur.

420 1736 546 1827 Ἀναξ,
575 1737 764 1814 ἀνάσσειν.

134 1886 201 1948 Del.
218 1887 265 1959 15,
279 1885 448 1947 Ἀπόλλωνά
460 1886 485 1948 τ’
499 1889 611 1948 ἄνακτα.
654 1887 728 1948 Dele
742 1885 776 1947 τ’.

135 1983 200 2044 Del.
217 1984 265 2056 59,
280 1983 363 2060 δηρὸν
381 1984 456 2055 ἄναξ,
470 2005 574 2046 versus
594 2005 715 2064 prorsus
736 1990 901 2064 corruptus.
945 1984 1093 2046 Emenda-

95 2080 207 2140 tionem'
221 2079 433 2141 Baumeisterl:
456 2081 543 2156 δημοῦ
553 2080 655 2149 ἀναΐξει
664 2082 780 2156 βωμοῖς,
791 2081 885 2142 θυσίαι
898 2082 931 2141 τέ
943 2079 971 2140 σ’
986 2082 1093 2158 ἔχωσιν,

100 2195 157 2234 non
166 2177 321 2258 amplexus
335 2176 399 2249 sim,
415 2176 658 2257 quandoquidem
668 2176 786 2256 phrasis
800 2178 893 2238 θυσίαι
906 2177 939 2237 σε’
954 2175 981 2235 σ’
995 2177 1095 2254 ἔχωσιν

100 2270 227 2334 offendit.
260 2273 400 2333 Ceterum
413 2273 508 2334 θυσίαι
518 2272 774 2333 non—homericum
790 2280 835 2333 est
845 2272 1024 2334 vocabulum
1038 2293 1093 2352 pro

96 2387 166 2428 voce
180 2368 332 2429 homerica
346 2369 419 2440 θίεα,
434 2369 563 2429 occurrit
577 2375 678 2428 autem
688 2368 719 2427 in
730 2368 843 2448 hymno
854 2368 957 2449 paullo
968 2369 1093 2428 recenti-

94 2485 143 2524 ore
164 2465 197 2524 in
212 2465 350 2526 Cererem
372 2463 434 2542 (vv.
458 2467 516 2526 312
539 2473 569 2526 et
593 2464 674 2542 368).
718 2466 836 2526 Primus
857 2463 1006 2525 Pindarus
1026 2473 1094 2545 post

93 2568 215 2641 poetam
235 2560 341 2640 hymni
361 2562 393 2620 in
415 2563 551 2623 Cererem
572 2584 675 2624 vocem
695 2563 789 2625 θυσίαι
805 2568 939 2642 usurpat.
983 2562 1094 2621 Contra

95 2753 198 2831 ἔχωσιν
211 2753 367 2833 amplexus
383 2755 545 2815 intextum
560 2757 666 2835 recepi.

135 2848 226 2928 Pyth.
242 2849 269 2921 3,
283 2849 345 2929 μέγ’
359 2851 490 2912 ἀνάσσεις
501 2872 560 2910 non
572 2849 646 2910 dicit
661 2852 823 2923 Homerus;
846 2851 882 2913 cf.
896 2848 1092 2910 Baumeister.

94 2944 134 3005 ad
148 2944 248 3005 locum
263 2947 311 3006 cit.
327 2953 358 3006 et
371 2946 475 3006 Lehrs.
492 2947 563 3025 Pop.
580 2944 733 3018 Aufsttze
748 2968 777 3026 p.
793 2949 861 3009 424.

136 3131 153 3165 'l
171 3130 253 3182 Omne
265 3149 344 3199 genus
356 3131 396 3183 vis
413 3134 440 3182 et
457 3130 559 3182 effectus
576 3129 699 3197 digammi
718 3128 913 3197 diligentissime
931 3126 1051 3176 distinxit
1063 3141 1093 3176 ac

94 3213 242 3280 segregavit
260 3214 360 3275 Hartel
382 3213 549 3266 Homerische
569 3212 677 3266 Studien
695 3214 749 3266 HI.
767 3230 792 3281 p.
812 3213 844 3262 56
862 3226 918 3278 sqq.
938 3207 1092 3275 .(Sitzungs·

94 3293 210 3346 berichto
222 3295 246 3347 d.
259 3296 341 3349 Wien.
354 3297 441 3349 Akad.
456 3297 539 3364 1876.)

137 3376 205 3443 †In
224 3378 328 3432 libello:
356 3380 403 3431 Die
422 3379 645 3449 Interpolationen
668 3378 710 3431 bei
739 3378 845 3441 Homer,
869 3380 915 3430 etc.
951 3375 1090 3435 Munchen‚

97 3455 170 3514 1879.
