2384 3848
471 212 519 260 DE
541 211 713 261 DIGAMMO.

130 376 169 436 64
183 381 214 438 et
228 376 297 450 116,
314 376 343 436 ἐὺ
354 397 409 458 pro
423 375 460 450 εὖ,
473 377 563 439 metri
578 397 674 439 causa.

132 474 189 533 128
203 479 235 534 et
248 474 318 546 215,
334 475 392 533 ἐπεὶ
405 474 439 552 δὴ
451 495 506 555 pro
521 473 620 551 ἐπειδὴ,
634 473 723 534 metri
737 493 834 534 eausa.

132 569 199 642 134,
214 568 296 629 κεδνὰ
310 569 379 649 ἰδυίῃ
392 591 447 651 pro
461 568 530 629 κέδν’
544 568 638 649 εἰδυίῃ.
678 569 761 630 Vide
775 591 805 651 p.
820 571 921 631 xxxix,

133 665 199 738 147,
214 666 353 726 ἀθανάτου
366 666 395 726 δὲ
409 667 483 742 ἕκητι
493 687 549 746 pro
558 666 704 726 ἀθανάτοιο
717 665 740 725 δ’
751 668 836 743 ἕκητι.
860 667 940 727 Vide
952 689 979 748 ρ.
991 669 1091 728 xxxvi.

133 762 199 835 163,
220 761 245 822 τ’
266 763 442 842 εῧγναμπτᾶς
462 763 556 825 ἕλικας
577 783 632 844 pro
651 788 683 823 τε
701 765 848 843 γναμπτάς
868 765 970 827 ἕλικας.
1012 765 1092 825 Vide
1108 818 1120 837 ,

91 881 120 940 p.
135 879 226 920 XXXV·
346 850 350 858 *

132 954 200 1028 195,
215 956 275 1016 ἐπεὶ
287 955 307 1033 ἦ
320 976 376 1036 pro
390 955 475 1033 ἔπειή.

131 1052 191 1112 256
206 1058 237 1112 et
251 1051 320 1126 278,
335 1056 432 1130 πρῶτα
445 1073 499 1133 pro
513 1055 630 1129 πρῶτον.
673 1050 755 1112 Vide
769 1071 798 1132 p.
814 1052 938 1113 xxxviii.

131 1146 199 1221 271,
215 1149 357 1226 ἀμφιπερὶ
370 1149 496 1227 φθινύθει
509 1169 564 1229 pro
578 1145 850 1225 ἀμφιπεριφθινύθει.
881 1147 962 1210 Vide
976 1172 1005 1231 p.
1019 1150 1091 1211 xliii.

133 1244 201 1317 286,
218 1248 352 1323 ε’κείῐπῃς
363 1266 419 1325 pro
433 1244 550 1323 ἐξείπῃς.

96 1406 188 1487 Hym.
203 1407 240 1467 ιἰι
255 1404 317 1485 Ap.
334 1403 445 1484 Pytha

133 1536 179 1608 31,
193 1531 353 1610 Ἀμυρηίδα
365 1554 420 1612 pro
433 1529 562 1604 Ἀζανίὸα
576 1532 743 1613 (Bursian).

134 1633 179 1705 63,
196 1631 229 1693 ὅς
243 1655 275 1689 τε
288 1649 342 1709 pro
356 1629 433 1689 ὅστε.

135 1725 171 1788 77
186 1734 219 1787 et
235 1726 302 1798 163,
318 1724 347 1784 δὲ
361 1725 457 1784 ἰδοῦσα
469 1747 527 1810 ρνο
537 1725 563 1785 δ’
578 1725 719 1785 ἐσιδοῦσα.
760 1724 841 1785 Vide
856 1748 882 1806 p.
898 1719 1022 1790 xxiviii.

135 1918 203 1993 177,
219 1918 311 1996 ἔρρεξε
323 1939 377 1998 pro
393 1917 511 1995 ἔρδεσκε.
553 1918 635 1979 Vide
648 1939 677 1998 p.
693 1919 806 1981 xxxvii.

136 2017 203 2089 240,
220 2014 402 2095 ἐΰεργήςριο
417 2015 536 2094 εὐεργής,
550 2015 640 2074 metri
655 2035 752 2076 causa.

139 2113 204 2185 241,
220 2111 327 2190 ἔχουσα
339 2131 394 2190 pro
409 2112 519 2171 ἑκοῦσα.

144 2208 204 2280 249,
218 2208 292 2269 Φεάς
301 2190 360 2286 ΙΡιο
373 2208 471 2284 Φερὰς.

141 2303 204 2377 289,
220 2304 250 2363 ἐὺ
264 2323 319 2383 pro
334 2301 370 2372 εὖ,
384 2302 474 2362 metri
488 2323 585 2364 eausa.

138 2400 205 2474 348,
221 2399 282 2481 ἐπεὶ
295 2398 329 2476 δὴ
341 2419 397 2479 pro
411 2397 514 2476 ἐπειδὴ,
528 2400 618 2460 metri
632 2420 728 2461 causa.

137 2496 207 2569 351,
222 2493 355 2572 ε’ῢλείμων
367 2515 423 2574 pro
438 2494 576 2571 εὐλείμων,
591 2496 680 2556 metri
694 2518 791 2560 eausa.

99 2653 218 2734 Ηριηιι.
233 2655 268 2715 in
282 2653 343 2736 Ap.
359 2653 451 2715 Dei:

138 2779 186 2851 30,
201 2775 341 2854 Ἀθηνίων
353 2799 408 2858 pro
421 2776 552 2854 Ἀθηνῶν.

137 2875 187 2947 46,
202 2877 255 2934 visi
270 2871 355 2936 ’θέλοι
368 2895 423 2955 pro
437 2877 490 2933 υἱεῖ
501 2875 586 2938 θέλοι.

140 2971 188 3043 53,
203 2970 236 3030 οὔ
247 2997 290 3034 τις
303 2992 358 3051 pro
372 2971 453 3040 οὔτις,
467 2973 557 3032 metri
571 2994 667 3035 causa.

140 3063 188 3138 71,
202 3068 239 3126 τὰ
251 3071 349 3143 πρῶτα
362 3087 417 3147 pro
429 3068 462 3126 τὸ
475 3073 594 3144 πρῶτον.
635 3070 716 3131 Vide
730 3093 759 3152 p.
774 3073 898 3134 xxxviii.

141 3163 188 3236 59,
203 3162 413 3224 Coniecturam
422 3162 561 3224 Bursiani
572 3166 603 3225 in
612 3171 729 3228 textum
740 3169 846 3249 recepi.
867 3168 947 3229 Vide
956 3191 985 3251 p.
993 3171 1097 3233 xxxiii.

143 3255 182 3318 72
195 3264 227 3319 ei
239 3260 288 3332 82,
301 3259 359 3318 ε’πεὶ
372 3259 390 3335 ἦ
404 3280 459 3339 pre
474 3263 558 3338 ε’πειὴ.
674 3283 677 3297 ·
832 3255 835 3261 ”

143 3353 209 3431 104,
224 3356 319 3416 ἔπειτα
332 3357 450 3416 ἔπεσσιν
462 3377 517 3436 pro
532 3357 613 3420 ἔπειτ’
628 3359 765 3421 ἐπέεσσιν.
808 3360 889 3420 Vide
902 3382 932 3442 p.
947 3364 1049 3426 xxxvi.
