2384 3848
144 258 178 315 iv
513 259 774 309 PROLEGOMENA.

205 425 228 475 Ι.
258 425 416 484 Formulae,
445 426 492 475 vei
519 428 615 488 partes
637 437 778 486 versuum,
804 437 874 486 quae
896 424 969 486 apud
991 424 1148 476 Homerum

279 535 380 573 nanum
400 535 511 575 vussus
533 536 606 575 suun
623 526 821 586 usurpantur*

193 689 230 738 11.
254 689 624 750 Epithetanon-homerica:

285 821 316 885 a)
336 821 468 880 Deorum,
487 821 640 871 hominum.

286 919 313 982 b)
334 919 460 982 Urbium,
478 920 642 970 insularum.

285 1017 312 1081 c)
335 1017 398 1066 Alia
414 1018 547 1068 adiuncta
563 1019 710 1070 adlectiva.

179 1180 232 1230 111.
256 1180 402 1231 Vocabula
417 1161 644 1232 non-homerica:

285 1311 316 1376 a)
335 1309 435 1382 ’Άπαξ
453 1312 589 1390 εἰρημένα.

286 1423 315 1488 b)
335 1423 479 1474 vocabula
495 1425 712 1486 non-homerica,
726 1424 827 1485 quibus
843 1436 913 1474 usus
930 1427 975 1474 est
992 1424 1147 1481 Hesiodus.

285 1521 313 1586 o)
334 1521 398 1571 Alia
412 1523 550 1572 vocabula
565 1522 782 1572 non-homerica.

179 1670 229 1721 1v.
254 1670 341 1720 InitIa
356 1683 489 1720 versuum
500 1670 717 1720 non-homerica.

192 1769 228 1820 V.
251 1769 336 1819 FInes
352 1782 486 1819 versuum
503 1768 714 1818 non-homerici.

178 1869 229 1919 VI.
254 1868 401 1917 Formulae
429 1867 596 1926 homericae,
627 1866 728 1928 quibus
759 1867 891 1918 homerus
919 1869 1015 1919 eadem
1043 1884 1146 1923 versus

281 1967 346 2017 sede
364 1969 447 2028 atque
464 1948 536 2024 loco,
556 1966 589 2016 de
607 1978 662 2028 quo
680 1966 782 2029 agitur,
800 1979 937 2030 nusquam
953 1981 1021 2018 usus
1040 1972 1092 2018 est.
1151 1945 1156 1952 Α·

162 2066 228 2117 VII.
253 2066 400 2129 Digamma
415 2065 552 2128 neglecta.

145 2165 227 2216 VIII.
253 2165 382 2216 Salebrae
398 2145 538 2213 metricae.

179 2264 228 2314 IX.
252 2263 399 2314 Formuiae
416 2262 648 2322 non-homericae,
667 2274 736 2322 quae
753 2261 878 2314 Hesiodo
895 2263 1048 2314 subductae
1066 2251 1144 2316 sunt,

188 2425 221 2486 Si
244 2427 336 2503 igitur
359 2427 524 2502 quidquam
545 2425 737 2496 discrimInis,
759 2427 840 2502 quod
862 2428 902 2485 ad
923 2428 979 2485 has
1001 2445 1050 2485 res
1072 2431 1146 2486 atti-

146 2530 210 2596 net,
235 2524 314 2581 inter
335 2522 473 2599 singulos
495 2522 624 2598 hymnos
651 2523 823 2597 patefacere
850 2528 882 2582 et
909 2524 1060 2581 illustrare
1087 2543 1145 2599 po-

145 2621 282 2690 terimus,
304 2619 408 2677 licebit
429 2637 485 2694 pro
507 2624 590 2677 certo
610 2619 787 2679 concludere
807 2621 907 2680 varios
930 2621 1059 2696 hymnos
1081 2639 1146 2685 non

147 2717 186 2774 ab
206 2733 268 2774 uno
287 2721 379 2792 poeta
399 2716 529 2790 scriptos
549 2734 627 2774 esse.

188 2909 259 2952 *Hac
276 2910 394 2953 formulae
410 2909 436 2951 in
451 2911 520 2952 textu
535 2901 600 2962 typis
615 2913 688 2962 atquo
704 2909 750 2951 loci
766 2909 858 2951 similes
871 2907 955 2950 Illadis
968 2908 1008 2950 vol
1020 2907 1146 2960 Odysseae

147 2992 342 3036 adnotationibus
358 2991 503 3036 indicantur.
529 2992 642 3036 Editiono
653 2993 691 3036 La
702 2991 784 3035 Bocho
800 2989 1019 3043 (Inachius-1873,
1035 2989 1147 3044 Odyssea

147 3076 215 3129 urps.
228 3076 288 3128 1867)
303 3086 363 3119 usus
376 3085 431 3119 sum
1021 3081 1023 3084 ’
