2384 3848
98 226 189 291 xxxii
466 239 729 288 ruonsoousus.

96 409 219 490 linguae
233 404 480 467 commutationes
494 405 668 467 efficiantur.
711 404 749 465 ln
766 404 833 466 aliis
845 403 969 465 vocibus
984 403 1093 486 digam-

97 525 180 564 mum
193 509 310 563 mature
331 500 482 582 dilapsum
496 508 549 575 est,
564 503 596 561 in
617 502 684 562 aliis
698 502 761 564 vim
775 522 860 561 suam
881 500 934 561 diu
955 508 987 563 et
1007 501 1094 564 obsti·

97 607 167 661 nate
195 599 328 660 retinuit.
376 598 484 679 ltaque
513 620 607 679 quum
633 598 828 661 intervallum
855 599 999 677 temporis
1026 599 1096 660 satis

7 750 10 756 .
97 718 241 778 magnum
255 694 449 756 statuendum
469 696 509 755 sit
529 696 608 755 inter
629 695 760 776 singulos
774 693 902 773 hymnos
920 695 1097 774 compositos

98 800 188 875 atque
216 792 312 852 literis
333 791 490 851 mandatos
518 813 637 872 sperare
664 811 821 871 possumus
844 790 907 851 fore
928 796 964 850 ut
984 790 1098 852 indicia

98 891 214 971 aliquot
226 889 347 969 linguae
362 889 470 948 sensim
484 894 617 948 mutatae
632 889 663 947 in
680 888 753 968 ipsis
767 886 899 966 Hymnis
912 886 1097 961 inveniatur,
1138 891 1141 895 ’

98 1007 194 1065 neque
209 986 272 1045 sine
286 1006 375 1044 causa
389 983 574 1065 sperabimus
587 1005 640 1044 nos
651 984 790 1064 colligere
805 1004 889 1063 posse
904 1004 981 1064 quae
995 991 1098 1063 partes

98 1081 210 1142 indicia
237 1081 356 1140 maioris
380 1081 429 1142 vel
453 1081 576 1140 minoris
597 1081 756 1141 vetustatis
778 1078 947 1140 exhibeant.
991 1079 1098 1142 Partes

99 1178 178 1238 enim
192 1177 358 1257 superiores
372 1175 571 1236 constantiore
591 1181 621 1236 et
641 1183 743 1256 partes
755 1176 910 1235 inferiores
923 1176 1098 1238 inconstan-

97 1275 173 1335 tiore
195 1274 338 1355 digammi
362 1294 418 1333 usu
435 1271 617 1333 eminebunt.
660 1272 740 1332 Nam
760 1271 946 1353 digammum
966 1293 1000 1333 eo
1020 1279 1099 1334 tem·

97 1373 178 1452 poris
202 1370 370 1443 intervallo,
396 1390 455 1450 quo
479 1368 590 1448 singuli
614 1367 732 1447 Hymni
759 1369 914 1449 compositi
941 1389 976 1429 ac
999 1369 1099 1432 literis

97 1466 233 1527 mandati
247 1472 325 1539 sunt,
340 1466 436 1525 multo
449 1464 597 1524 infirmius
616 1465 730 1525 factum
750 1470 823 1537 erat,
838 1485 935 1545 neque
957 1464 1099 1529 dubitare

96 1584 253 1644 possumus
267 1563 340 1642 quin
355 1560 497 1642 rhapsodi
511 1560 571 1621 iam
588 1560 641 1621 diu
656 1560 812 1621 desiissent
824 1561 945 1622 literam
959 1562 1052 1623 etiam
1066 1564 1099 1624 in

97 1657 299 1739 superioribus
319 1657 457 1737 partibus
476 1658 683 1736 pronunciare,
698 1656 779 1716 unde
800 1657 835 1716 fit
855 1662 891 1717 ut
905 1655 1099 1722 Homeristae

99 1756 166 1815 ’llas
179 1754 314 1814 lectionis
329 1754 574 1813 commutationes
594 1753 721 1834 illasque
742 1752 918 1814 subditicias
931 1755 1100 1835 particulas

97 1853 270 1911 insererent.
325 1850 384 1909 Eos
408 1855 509 1909 autem
533 1849 564 1908 in
590 1849 771 1908 carminibus
794 1850 1013 1930 interpolandis
1034 1873 1099 1914 non

96 1948 216 2028 longius
235 1967 405 2028 progressos
426 1967 486 2006 csse
507 1952 689 2006 monuerunt
702 1952 769 2006 tum
783 1946 836 2005 alii
850 1947 909 2007 viri
924 1946 1014 2021 docti,
1028 1955 1100 2010 tum

98 2043 133 2104 G.
150 2043 249 2104 Christ
273 2043 304 2102 in
326 2042 442 2103 libello:
466 2042 521 2102 Dic
544 2041 800 2120 interpolationen
821 2041 870 2102 bei
892 2042 1016 2123 Homer,
1038 2052 1098 2108 etc.

97 2139 125 2199 Ii
147 2139 213 2213 loci,
229 2140 281 2220 qui
303 2161 321 2200 a
342 2138 556 2200 recentioribus
579 2136 735 2216 rhapsodis
755 2138 863 2199 leviter
883 2141 994 2200 mutati
1008 2141 1100 2204 facile

97 2237 215 2296 restitui
238 2242 371 2317 possunt,
396 2236 429 2295 in
456 2255 614 2295 numerum
642 2233 861 2313 digammorum
889 2236 1099 2316 neglectorum

97 2334 190 2413 recipi
210 2354 270 2393 non
295 2332 414 2393 debent.
457 2332 488 2392 si
505 2331 600 2412 igitur
620 2329 786 2410 quidquam
807 2330 993 2406 discriminis,
1014 2335 1100 2414 quod

97 2428 137 2487 ad
158 2428 302 2510 digammi
324 2434 354 2488 et
374 2427 571 2487 formularum
591 2425 810 2486 homericarum
837 2433 867 2488 et
892 2428 1099 2508 epithetorum

97 2523 369 2605 vocabulorumque
379 2523 668 2583 non-homericorum
677 2544 763 2583 usum
775 2524 892 2597 attinet,
904 2525 983 2584 inter
994 2526 1099 2606 singu·

96 2620 141 2679 los
169 2620 307 2699 Hymnus
327 2620 377 2681 vel
401 2620 492 2679 etiam
515 2619 594 2679 inter
618 2619 751 2700 singulas
778 2626 879 2700 partes
901 2619 1099 2699 Hymnorum

96 2716 283 2796 singulorum
305 2715 472 2796 patefacere
494 2721 524 2775 et
547 2716 699 2778 illustrare
723 2717 895 2797 poterimus
916 2716 1019 2778 licebit
1039 2740 1099 2799 pro

96 2818 178 2872 certo
206 2810 382 2871 concludere
406 2812 505 2871 varios
529 2810 667 2891 Hymnos
695 2813 744 2875 vel
771 2820 873 2893 partes
901 2813 1098 2892 Hymncrum

96 2908 187 2968 simili
214 2914 384 2988 temporum
414 2908 574 2969 intervallo
603 2908 742 2990 disiungi.
792 2910 868 2969 Ecce
895 2910 989 2991 igitur
1015 2911 1097 2973 ratio

97 3027 187 3086 quam
208 3005 240 3064 in
265 3003 321 3064 hac
345 3025 377 3064 re
399 3004 564 3065 iudicunda
585 3012 703 3065 secutus
717 3027 791 3078 sum,
806 3012 908 3065 tamen
926 3026 1032 3067 moneo
1045 3028 1096 3068 me

97 3101 240 3182 digammi
253 3100 382 3181 neglecti
396 3100 603 3161 tantummodo
618 3101 754 3182 exempla
768 3107 924 3182 spectasse.

137 3198 220 3258 Haeo
235 3196 346 3257 addere
364 3196 466 3256 liceat:
490 3198 570 3256 Fieri
590 3203 690 3277 potest
709 3204 744 3257 ut
763 3197 875 3260 vocalis
894 3198 992 3258 finalis
1012 3200 1094 3260 vocis

95 3292 301 3374 praecedentis
321 3300 391 3354 ante
405 3315 508 3355 vocem
530 3293 600 3352 olim
621 3314 639 3354 a
661 3292 810 3373 digammo
831 3293 1023 3372 incipientem
1040 3295 1093 3355 eli-

96 3390 195 3464 datur,
220 3389 270 3451 vcl
292 3396 327 3449 ut
349 3389 534 3471 digammum
557 3389 735 3470 positionem
760 3410 828 3449 cum
852 3388 941 3449 litera
965 3411 1094 3452 consona
