2384 3848
94 195 195 260 xxxiv
460 205 722 256 rnonaoonaur.

136 375 225 455 Pyth.
241 373 307 446 207,
325 373 388 434 ἔνθα
401 370 424 432 δ’
438 374 541 434 ἄνακτι.
583 372 657 434 Dele
672 370 695 432 δ’
705 396 711 447 ;
734 372 770 434 cf.
787 369 844 433 107
857 369 910 431 ubi
924 371 990 433 ἔνθα
1002 370 1082 442 ἅναξ.

135 472 225 551 Pyth.
241 472 308 543 218,
324 470 354 528 οἵ
362 470 399 546 ῥά
411 469 435 529 τ’
450 471 553 530 ἄνακτι.
595 469 669 530 11010
682 467 716 530 τ’.

135 567 224 647 Pyth.
240 568 307 638 259,
323 565 468 645 ἡγεμόνευε
482 565 505 625 δ’
520 565 595 635 ἅναξ.

134 665 227 724 Mero.
243 664 310 736 500,
326 666 433 739 Λητοῦς
447 664 552 744 ἀγλαὸς
565 663 629 733 υἱὸς,
643 661 721 732 ἅναξ.

134 761 227 820 Μο10.
243 759 311 832 574,
328 759 408 819 Οὕτω
422 759 547 822 Μαιάδος
561 759 619 835 υἱὸν
632 757 709 828 ἅναξ.

135 859 199 919 Cer.
216 855 262 928 75,
277 855 409 933 Δήμητερ
423 857 543 915 ἄνασσα.

135 955 199 1016 001.
221 953 289 1025 430,
310 952 453 1030 χώρησεν·
475 955 512 1030 τῇ
536 951 559 1011 δ’
582 950 670 1030 ἔκθορ’
694 951 770 1022 ἄναξ.
806 949 919 1030 Ἕκτορ’
943 951 1094 1014 traditum

94 1050 217 1132 quidem
232 1055 283 1121 est,
299 1046 351 1108 sed
366 1054 540 1128 corruptum
562 1069 625 1109 esse
646 1048 721 1108 mihi
742 1048 872 1111 videtur.
915 1047 1001 1109 Idem
1023 1070 1095 1109 con-

94 1154 195 1209 textus
209 1151 239 1205 et
252 1165 353 1205 rerum
368 1150 398 1204 et
412 1145 572 1206 verborum
590 1126 745 1205 invenitur
765 1166 853 1207 versu
874 1143 965 1205 huius
984 1144 1096 1224 hymni

96 1244 141 1315 16,
158 1263 216 1323 quo
230 1242 294 1302 loco
315 1246 411 1302 exstat
431 1240 464 1301 id
485 1240 566 1320 quod
587 1240 626 1300 ad
647 1241 727 1301 hunc
748 1241 847 1301 locum
869 1240 1095 1302 emendandum

29 1394 32 1401 .
93 1340 217 1400 maximi
228 1339 370 1399 momenti
382 1343 433 1398 est.
470 1337 610 1418 Legimus
622 1338 701 1397 enim
710 1339 779 1416 χάνε
788 1337 817 1397 δὲ
826 1339 902 1416 χθὼν
912 1338 1061 1417 εὐρυάγυια
1079 1336 1085 1418 Ι

94 1438 203 1496 Νύσιον
216 1435 261 1512 ἅμ’
275 1435 373 1504 πεδίον,
388 1437 424 1512 τῇ
439 1434 539 1511 ὄρουσε
552 1432 622 1501 ἄναξ
634 1433 831 1514 Πολυδέγμων.
874 1434 915 1494 Et
928 1434 960 1493 in
978 1433 1095 1513 hymno

93 1533 126 1592 in
141 1531 230 1611 Pyth.
247 1532 324 1590 2621
347 1530 399 1591 ἕνθ’
415 1535 445 1588 ἐκ
458 1532 522 1606 νηὸς
536 1530 636 1606 ὄρουσε
656 1528 732 1598 ἅναξ.
775 1529 925 1591 Homerus
948 1529 1041 1606 ἔκθορε
1063 1537 1095 1591 et

94 1628 194 1706 ὄρουσε
207 1628 239 1686 111
254 1628 349 1688 vicem
371 1631 512 1705 usurpat;
537 1646 573 1684 ex
593 1625 697 1685 multis
717 1625 889 1685 huiusmodi
910 1625 982 1687 locis
1002 1626 1095 1687 liceat

95 1723 154 1784 duo
164 1723 269 1783 afferre
280 1746 286 1782 ι
309 1726 331 1779 Γ
344 1722 412 1794 325,
427 1722 532 1798 Πάριος
543 1721 573 1780 δὲ
587 1722 656 1782 θοῶς
668 1725 697 1778 ἐκ
709 1724 811 1798 κλῆρος
822 1721 937 1797 ὄρουσεν
947 1727 978 1782 et
986 1727 1012 1779 Ψ
1023 1722 1093 1796 353,

95 1825 125 1880 ἐκ
139 1820 168 1879 δὲ
182 1823 283 1896 κλῆρος
297 1817 370 1894 θόρε.
414 1817 552 1877 Ceterum
569 1816 662 1893 ἔκθορε
675 1838 824 1897 nusquam
837 1817 893 1877 hac
905 1838 1009 1879 versus
1022 1818 1094 1880 sede

94 1915 176 1997 apud
191 1915 365 1986 Homerum,
381 1912 481 1991 ὄρουσε
501 1920 605 1974 contra
625 1913 680 1973 hoo
701 1913 765 1973 loco
786 1919 819 1971 M
840 1915 887 1987 83,
909 1914 945 1974 cf.
969 1919 995 1972 Ο
1015 1916 1093 1992 520;

94 2011 146 2071 sed
161 2010 197 2071 ob
212 2009 377 2090 asyndeton
388 2014 424 2088 τῇ
439 2011 538 2088 ὄρουσε
551 2008 621 2078 ἄναξ
632 2009 663 2069 in
677 2015 794 2070 textum
808 2031 868 2071 non
881 2011 988 2091 recepi.
1065 2012 1068 2016 *
1104 2026 1110 2034 ·

135 2109 199 2170 001.
214 2109 282 2181 492,
298 2110 370 2183 Δηοῖ
382 2108 503 2168 ἄνασσα.

135 2205 199 2266 Cer.
214 2206 282 2280 440,
298 2203 389 2265 ἔπλετ’
404 2205 524 2265 ἄνασσα.

538 2381 646 2456 ἁδεῖν.

135 2531 200 2592 Del.
216 2534 263 2606 22,
279 2532 308 2591 δὲ
321 2531 438 2592 σκοπιαί
447 2557 490 2592 ποι
504 2531 578 2591 ἅδον.

136 2628 225 2708 Pyth.
251 2630 299 2701 42,
320 2630 373 2706 οὔχ
393 2627 440 2687 ἅδε
459 2629 537 2705 θυμῷ
549 2651 554 2701 ;
584 2628 698 2709 corrige
718 2630 751 2688 οὗ
772 2627 827 2688 ἅδε.
870 2628 1048 2709 (1011οΡ0010.
1074 2650 1093 2692 θ

94 2724 349 2806 pronunciationis
362 2723 560 2784 similitudine
573 2731 705 2788 estorta.

546 2916 635 3000 ἅλις.

135 3069 227 3131 Mero.
245 3071 311 3141 180,
326 3069 460 3147 πορθήσω
474 3070 520 3129 καὶ
533 3072 648 3149 χρυσὸν,
664 3070 735 3133 ἅλις.

135 3165 228 3227 Merc.
245 3166 302 3227 179
316 3172 347 3226 et
361 3167 428 3239 493,
446 3167 518 3228 ἔνθεν
532 3168 612 3240 darn
635 3168 700 3228 ἔνθα
713 3167 776 3229 ἅλις
789 3166 917 3228 scribere
931 3188 991 3227 non
1002 3185 1091 3228 ausus

94 3284 168 3335 sum,
190 3262 433 3343 quandoquidem
453 3263 538 3324 nulla
559 3263 703 3344 digammi
722 3264 850 3346 vestigia
869 3263 1009 3326 vocabuli
1030 3264 1092 3327 ἅλις

93 3359 126 3419 in
153 3357 209 3418 hoc
229 3357 342 3437 hymno
370 3354 496 3433 exstant,
518 3359 570 3420 sed
595 3377 698 3420 sensus
717 3380 807 3421 versu
826 3359 886 3419 493
907 3360 1008 3439 potius
1028 3361 1093 3423 ἔνθα

95 3475 186 3536 quam
202 3454 276 3516 ἔνθεν
288 3455 430 3536 postulat.
