2384 3848
330 795 859 895 ranunculum...

530 1057 667 1085 -400—

486 1229 708 1306 Pannrnrro.

97 1439 350 1583 EXSTANT
377 1442 499 1518 quidem
525 1443 563 1501 de
585 1444 706 1521 hymnis
734 1442 894 1503 homericis
917 1445 1019 1503 studia
1043 1444 1097 1503 ali-

200 1561 277 1631 quot
297 1555 425 1628 erudita,
441 1573 568 1630 quorum
586 1556 702 1614 nullum
722 1557 851 1633 hymnos
870 1557 1003 1632 quinque
1023 1558 1097 1616 mai·

96 1685 165 1729 ores
193 1669 299 1728 debita
324 1687 396 1727 cure
422 1687 458 1727 ac
484 1670 642 1746 diligentia
662 1672 816 1729 tractavit.
860 1671 968 1746 Neque
995 1672 1096 1731 inves-

94 1783 232 1860 tigarunt
266 1782 311 1840 illi
344 1783 402 1840 viri
434 1783 518 1842 docti
551 1784 611 1842 nisi
643 1801 797 1859 perpauca
833 1789 1011 1860 argumenta
1046 1785 1097 1844 vel

94 1896 304 1972 quaestiones.
346 1895 503 1954 Koehnius
530 1902 563 1954 et
589 1895 798 1956 Gnttmannus
825 1897 900 1955 nihil
927 1897 1009 1956 aliud
1036 1899 1096 1957 nisi

94 2014 225 2068 metrum
242 2015 275 2067 et
295 2010 440 2084 syntaxin
460 2014 639 2080 tractarunt,
655 2009 863 2069 Windischius
884 2015 990 2068 contra
1008 2029 1096 2087 prae·

98 2121 184 2196 cipue
211 2123 356 2180 formulas
390 2123 556 2182 homericos
584 2123 730 2197 respexit.
787 2123 892 2199 Longe
919 2123 1022 2181 utilior
1048 2129 1096 2182 est

98 2231 217 2292 libellus
229 2235 418 2307 Eberhardii,
435 2237 487 2311 qni
505 2237 584 2294 bene
604 2236 754 2294 intellexit
774 2236 849 2293 nihil
863 2236 938 2294 certi
957 2235 998 2292 ad
1011 2241 1094 2294 aeta-

98 2348 162 2404 tem
175 2346 351 2422 hymnorum
364 2349 566 2407 definiendam
580 2349 814 2425 investigatione
828 2366 936 2406 manca
950 2349 1094 2423 quodam-

96 2460 189 2518 modo
209 2465 298 2535 atque
318 2462 461 2521 inchoata
482 2480 643 2522 evasurum
664 2479 742 2520 esse.
786 2463 922 2520 Necesse
944 2462 1025 2519 enim
1046 2467 1095 2521 est

94 2572 172 2632 bene
200 2574 278 2633 scire
305 2593 365 2649 qua
385 2575 417 2632 in
437 2593 470 2633 re
489 2575 595 2651 hymni
618 2575 761 2633 homerici
780 2579 811 2632 et
832 2593 893 2650 que
912 2574 945 2631 in
964 2593 997 2633 re
1018 2592 1093 2634 non-

94 2687 239 2746 homerici
261 2687 407 2762 appellari
428 2688 557 2763 possint.
598 2689 666 2745 Hae
690 2706 739 2746 res
764 2706 800 2746 eo
825 2688 944 2747 facilius
968 2689 1092 2763 expedi-

93 2806 186 2858 untur
213 2801 296 2875 quod
323 2805 443 2875 poetae>
460 2800 626 2859 carminum
659 2801 878 2860 homericorum
905 2819 966 2859 non
995 2801 1093 2859 solum

91 2914 243 2984 formulis,
273 2932 350 2989 qnae
377 2919 535 2985 vocantur,
565 2913 613 2971 usi
646 2918 726 3001 sunt,
755 2914 810 2972 sed
842 2914 912 2971 illae
945 2913 1093 2973 formulae

93 3029 216 3103 saepius
240 3029 348 3087 eadem
370 3047 476 3087 versus
500 3029 573 3085 sede
598 3027 800 3087 inveniuntur.

133 3141 243 3216 Itaque
267 3142 446 3218 hymnorum
469 3139 622 3201 homerica
644 3146 734 3217 atque
756 3140 984 3199 non-homerica
1006 3143 1091 3214 pate-

93 3254 193 3312 secere
207 3259 239 3312 et
257 3253 408 3312 illustrare
426 3255 500 3313 mihi
518 3254 673 3330 proposui.
716 3255 779 3312 Res
800 3252 926 3311 maximi
947 3251 1092 3312 momenti

95 3371 166 3424 sunt
185 3367 261 3425 hae:
