2384 3848
95 228 217 296 xxxviii
462 245 723 295 rccrrecmere.

462 407 560 506 ἡδύς,
578 407 724 508 ἥδυμος.

136 575 229 636 Mero.
245 574 311 648 241,
326 576 547 652 προκαλεύμενος
560 576 672 654 ἥδυμον.

136 672 229 733 Mero.
244 672 313 744 449,
329 672 417 749 ἔρωτα
431 673 476 732 καὶ
489 673 602 749 ἥδυμον.

136 769 200 830 Cer.
215 768 263 842 49,
278 767 406 846 νέκταρος
418 768 574 846 ἡδυπότοιο.

446 977 541 1063 ἰδεῖν,
573 978 744 1056 εἴδεσθαι.

137 1147 203 1208 Del.
227 1145 272 1220 71,
293 1172 341 1223 μη,
363 1145 468 1206 ὁπόταν
480 1146 514 1206 τὸ
533 1150 644 1223 πρῶτον
663 1147 724 1226 ἴδῃ,
747 1147 842 1210 scribe
865 1149 901 1209 τὰ
921 1132 1021 1226 πρῶπα
1041 1149 1096 1230 ἴδῃ.

98 1244 275 1306 Conferatur
291 1248 312 1300 Z
327 1243 385 1303 489
400 1268 433 1290 =
449 1244 467 1304 θ
484 1243 551 1315 553,
569 1243 638 1320 ἐπὴν
653 1245 689 1303 τὰ
710 1249 808 1321 πρῶτα
826 1244 954 1324 γένηται;
976 1250 1006 1303 Ν
1027 1245 1096 1320 679,

96 1338 116 1418 ᾗ
138 1342 173 1400 τὰ
195 1344 293 1417 πρῶτα
315 1340 408 1402 πύλας
430 1339 476 1396 καὶ
499 1341 590 1416 τεῖχος
611 1343 734 1413 ε’σᾶλτο;
759 1341 777 1401 θ
799 1341 866 1414 268,
888 1342 924 1404 ὡς
943 1343 979 1401 τὰ
999 1347 1098 1420 πρῶτα

97 1437 222 1517 μίγησαν
235 1441 264 1495 ἒν
276 1433 575 1511 Ηφαίστοιοδόμοισι.

139 1531 229 1651 Pyth
241 1529 277 1592 77
290 1536 320 1590 et
335 1530 392 1590 163
395 1529 465 1606 ,ἡδ’
479 1529 619 1590 ἐσιδοῦσα.
661 1531 797 1613 Utroque
816 1495 880 1594 lccc
904 1533 1098 1596 scribendum

100 1635 144 1689 est
165 1629 183 1704 ἡ
131 1627 233 1689 tt}
253 1627 356 1696 ἰδοῦσα,
371 1647 462 1706 quam
481 1625 640 1687 lectionem
661 1627 761 1688 Codex
780 1631 989 1692 moscoviensis
1007 1653 1098 1694 versu

27 1783 39 1806 ⁸
101 1726 158 1785 163
179 1723 311 1805 praebet.
353 1721 482 1782 Accedit
496 1721 605 1801 quod
597 1744 658 1782 ram
680 1723 829 1785 Frankius
843 1726 883 1786 ad
903 1727 983 1787 hunc
997 1727 1098 1789 locum

100 1826 226 1882 annotat
242 1840 300 1879 non
321 1816 507 1898 adspiciendi
527 1818 679 1878 notionem
699 1820 820 1901 requiri,
836 1822 888 1882 sed
909 1823 1098 1886 animadver-

100 1917 186 1978 tendi
203 1916 253 1978 vel
277 1912 478 1995 conspiciendi
498 1912 548 1991 (cf.
569 1913 763 1976 Baumeister.
787 1917 827 1977 ad
850 1917 929 1997 loc).
971 1919 1099 2002 Legitur

100 2016 118 2090 ἡ
139 2014 170 2073 δὲ
190 2013 286 2072 ἰδοῦσα
305 2011 337 2072 in
358 2010 471 2091 hymno
491 2010 523 2071 in
548 2010 612 2072 Ger.
636 2011 695 2071 385
718 2017 748 2072 et
771 2012 803 2072 in
825 2012 907 2094 hym.
931 2015 964 2075 in
988 2014 1097 2079 Bacch.

102 2109 157 2192 (7),
173 2112 201 2182 8,
215 2110 263 2170 42.

141 2207 234 2268 Merc.
250 2208 298 2280 92,
314 2205 362 2264 καί
371 2231 403 2266 τε
417 2205 479 2265 ἰδὼν
491 2206 530 2282 μὴ
545 2204 616 2264 ἰδών.
651 2203 711 2264 Hic
725 2204 808 2265 locus
819 2205 1004 2268 demonstrat
1018 2208 1099 2271 hune

101 2303 248 2383 hymnum
262 2325 295 2364 eo
309 2309 443 2383 tempore
456 2302 601 2382 scriptum
615 2319 685 2372 esse,
701 2322 760 2387 quc
779 2302 936 2373 etiamtum
950 2305 1100 2367 incertum

102 2401 160 2461 fuit
174 2406 276 2460 utrum
291 2399 475 2480 digammum
489 2398 552 2460 vim
566 2396 722 2476 antiquam
736 2398 879 2460 retineret
892 2421 932 2461 an
948 2423 1070 2482 prorsus
1084 2425 1100 2464 c

102 2497 208 2577 lingua
222 2495 409 2577 dilapsurum
423 2499 507 2553 esset.

144 2592 237 2653 Mero.
253 2593 319 2664 239,
334 2590 484 2668 Ἑκάεργον
498 2587 568 2647 ἰδών.

145 2688 222 2749 Ven.
237 2689 296 2748 256
311 2693 340 2747 et
354 2685 421 2758 278,
437 2688 546 2760 πρῶτον
565 2682 634 2761 ἴδῃς.
675 2684 812 2768 Utroque
828 2687 893 2752 loco
912 2694 1011 2768 πρῶτα
1030 2693 1101 2767 scri-

103 2784 237 2846 bendum
251 2790 324 2863 est.⁴
346 2782 524 2845 conferatur
544 2800 635 2859 supra
655 2780 720 2843 Del.
738 2782 783 2845 71.
827 2783 969 2864 Hymnus
982 2809 1054 2850 vero
1067 2789 1101 2849 in

104 2882 255 2942 Venerem
282 2880 415 2940 omnium
446 2876 535 2958 longe
562 2877 786 2958 antiquissimus
810 2881 859 2943 vel
887 2884 1100 2961 ὃμηρικώτατος.

105 2973 731 3050 Of.A235;13733r330;a297,etc.

146 3075 211 3135 Cer.
225 3074 293 3147 458,
308 3071 331 3132 δ’
344 3071 411 3132 ἴδον.

146 3300 361 3377 meaa
573 3232 637 3275 zm

147 3399 212 3461 Oer.
226 3399 294 3473 418,
310 3398 356 3458 καὶ
368 3397 467 3480 Ἰάνθη,
482 3401 518 3464 cf.
534 3400 607 3463 Hca
617 3399 677 3500 Th.
693 3400 760 3463 349.
