2384 3848
436 221 482 268 oe
504 220 674 294 mommo,

506 385 607 487 Ἰρις.

93 486 162 547 Del.
180 487 245 559 102,
260 485 297 544 Αἰ
310 485 333 546 δ’
340 485 423 564 Ἰριν.

93 588 192 652 letos,
207 604 266 643 non
287 588 459 655 occurrunt,
480 583 533 643 sed
560 584 636 659 ἰφιας
664 589 694 645 et
718 583 834 659 ἴφθιμος
861 583 1059 645 inveniuntur

51 700 126 738 cum
151 678 301 759 digammo
325 679 462 760 neglecto
486 678 551 739 Del.
579 677 605 752 7,
628 678 675 739 ἀπ’
697 680 822 756 ἰφθίμων
843 686 873 740 et
893 679 971 741 Ven.
990 681 1057 752 169,

51 777 127 851 βοῦς
140 800 172 834 τε
187 776 233 833 καὶ
250 775 321 850 ἴφια,
336 774 390 835 sed
412 775 592 856 etymologia
612 776 770 857 utriusque
781 775 922 838 'vocabuli
936 783 999 837 tam
1014 783 1059 837 est

52 870 174 931 incerta
187 876 222 931 ut
236 870 372 933 dubitem
386 870 455 932 illos
468 871 546 931 locos
560 871 619 932 huc
633 871 753 933 referre.

430 1021 520 1108 offic,
544 1022 681 1100 εῖδὰιαι.

96 1159 163 1220 Del.
180 1158 247 1230 163,
261 1156 388 1234 μιμεῖσθ’
402 1157 508 1219 ἴσασιν.

97 1255 188 1334 Pyth.
206 1255 281 1328 135;
304 1253 383 1314 Ven.
399 1253 533 1328 44,134;
556 1255 620 1317 (ier.
634 1256 701 1329 195,
713 1255 780 1329 202,
797 1255 865 1316 κέδν’
880 1255 986 1326 εἰδυῖαν,
1002 1262 1057 1316 etc.

56 1352 126 1413 Viri
141 1351 224 1412 docti
238 1351 300 1411 iam
313 1349 412 1410 multa
426 1349 463 1410 de
477 1350 533 1410 hec
548 1351 677 1413 formula
691 1351 894 1432 disputarunt,
909 1351 962 1412 sed
975 1351 1059 1415 haud

58 1448 184 1509 dubium
207 1453 252 1508 est
273 1447 348 1528 quin
369 1468 438 1506 cum
459 1446 649 1522 Hoffmanno‚
665 1449 726 1528 qui,
753 1449 809 1507 nisi
834 1448 929 1521 fallor,
944 1449 1059 1529 primus

58 1567 120 1606 rem
140 1544 247 1617 movit,
263 1542 343 1603 κεδνδ
358 1543 444 1602 ἰδυῖαν
456 1543 647 1605 scribendum
661 1545 707 1604 sit.
751 1542 796 1604 At
809 1543 899 1604 liceat
912 1566 1058 1604 summam

60 1640 279 1703 controversiae
301 1639 435 1701 breviter
455 1661 611 1720 exponere.
654 1640 793 1700 Formam
819 1639 890 1699 ἰδυῖα
912 1641 1059 1701 exstitisse

60 1740 129 1799 satis
144 1742 263 1798 constat
277 1759 294 1797 e
308 1736 437 1797 formula
451 1735 552 1815 ἰδυίῃσι
566 1735 745 1813 πραπίδεσσι,
757 1757 833 1815 quae
845 1744 974 1816 quatuor
987 1738 1060 1798 locis

61 1835 198 1896 occurrii.
240 1832 314 1895 Loci
334 1838 405 1893 sunt
425 1832 473 1894 hi:
496 1836 522 1889 Α
537 1833 595 1893 608
609 1857 642 1880 =
654 1837 681 1890 Υ
702 1832 748 1904 12,
765 1832 929 1908 Ἥφαιστος
945 1834 1060 1909 ποίησεν

64 1931 162 2010 ἰδυίῃσι
188 1928 370 2007 πραπίδεσσι,
392 1928 416 1992 Σ
436 1928 503 2001 380,
529 1927 595 2005 ὄφρ’
620 1927 636 1988 ὅ
658 1954 692 2007 γε
714 1926 790 1988 ταῦτ’
815 1931 936 1988 ἐπονεῖτο
959 1928 1061 2006 ἰδυίῃσι

65 2025 239 2102 πραπιδεσσι,
261 2051 281 2101 η
304 2026 351 2096 92,
375 2023 421 2087 οὓς
439 2024 603 2100 Ἥφαιστος
627 2024 730 2093 ἔτευξεν
755 2023 855 2102 ἰδυίῃσι
879 2013 1059 2101 πραπίδεσσι.

72 2120 190 2182 Accedit
203 2121 286 2202 quod
300 2121 493 2201 perticipium
513 2121 583 2179 ἰδυῖα
603 2121 670 2180 aliis
691 2119 830 2179 undecim
852 2120 924 2180 locis
945 2119 1060 2179 inveni-

72 2220 135 2276 tur:
154 2219 259 2291 Acco,
276 2220 365 2277 ταῦτα
382 2217 489 2294 ἰδυίῃ,Ι
509 2217 567 2276 128
583 2242 616 2263 =
630 2214 689 2276 270
703 2221 773 2272 :T
791 2217 850 2275 245
864 2222 937 2273 :u
955 2215 1013 2274 263
1028 2240 1061 2262 =

70 2338 89 2370 (υ
107 2311 172 2387 278,
191 2316 322 2391 ἀμύμονα
343 2314 411 2392 ἔργα
432 2313 522 2383 ἰδυίας,
537 2339 553 2371 ο
565 2313 633 2384 418,
655 2314 749 2392 ἀγλαὰ
769 2313 837 2392 ἔργα
858 2311 935 2381 ἰδυῖα,
956 2311 1060 2383 λ432,
1107 2377 1110 2385 ἱ

66 2411 153 2490 δυγρδ
174 2410 251 2480 ἰδυῖα,
266 2435 282 2468 ν
302 2407 370 2480 417,
388 2409 478 2467 πάντα
499 2409 576 2478 ἰδυῖα,
597 2433 614 2468 ν
631 2407 689 2468 287
705 2434 737 2455 =
753 2435 775 2466 π
796 2409 861 2480 158,
883 2408 976 2488 ἀγλαὰ
995 2407 1062 2487 ἔργα

67 2505 141 2586 ἰδυίῃ.
184 2506 329 2566 Formula
357 2503 469 2585 ubique
496 2505 528 2564 in
555 2505 615 2564 fine
637 2525 741 2566 versus
768 2505 930 2565 invenitur.
973 2504 1062 2564 Patet

65 2602 155 2683 igitur
178 2623 239 2662 non
264 2601 407 2682 digammi
431 2622 521 2661 causa
544 2602 640 2660 solum
668 2600 889 2660 emendandum
913 2621 984 2673 esse,
1010 2599 1062 2663 sed
1119 2616 1120 2619 ’

66 2700 154 2758 etiam
169 2704 205 2759 ut
218 2703 349 2757 metrum
366 2697 429 2756 sine
450 2698 521 2756 ullis
541 2696 664 2773 salebris
684 2697 767 2770 fluat,
784 2718 854 2757 nom
874 2697 899 2756 si
922 2694 1063 2776 corrupta

66 2794 116 2854 illa
128 2795 221 2854 lectio
235 2800 380 2865 servetur,
395 2792 544 2872 spondeus
564 2794 596 2852 in
618 2794 723 2873 quinto
744 2792 820 2873 pede
842 2792 960 2853 evadat.
1002 2793 1062 2851 Ne-

67 2911 121 2969 que
144 2889 269 2951 videtur
292 2890 458 2969 antiquitus
480 2890 569 2949 fuisse
595 2890 760 2970 quidquam
783 2889 962 2949 discriminis
983 2889 1063 2947 inter

68 2986 149 3045 εἰδυῖα
163 2992 258 3064 atqua
269 2985 339 3043 ἰδυῖα
349 3007 426 3065 quae
441 2992 471 3046 et
484 2986 636 3065 participii
648 2993 677 3046 et
688 2986 830 3047 adiectivi
844 2986 955 3045 formae
967 2990 1061 3044 erent,

69 3081 224 3162 Analogae
245 3088 314 3141 sunt
334 3081 391 3141 hae
413 3083 541 3142 formae:
564 3085 678 3161 ἀρηρώς,
701 3087 818 3160 ἀραρυῖα
825 3111 833 3151 ,·
861 3081 992 3156 λεληκώς,
1017 3085 1062 3139 λε-

68 3179 183 3249 λακυῖα,
205 3177 340 3252 μεμηκώς,
361 3181 514 3254 μεμακυῖα;
536 3179 665 3254 τεθηλώς,
684 3165 824 3241 τεθαλυῖαῖ
866 3175 1063 3236 Scribendum

70 3279 112 3333 est
135 3273 215 3333 κεδνὰ
238 3273 331 3345 ἰδυῖαν,
351 3281 416 3349 ete,
436 3274 472 3335 cf.
495 3273 540 3336 La
561 3274 678 3337 Roche:
701 3275 750 3335 die
770 3270 953 3334 homerische
975 3271 1063 3333 Text-

69 3365 164 3429 kritik
177 3369 245 3431 286.
