2384 3848
98 230 139 297 16
348 228 386 278 ΙΙ.
422 226 478 272 ΕΙΣ
502 226 687 274 ΑΠΟΛΛΩΝΑ
711 225 848 276 ΠΎΘΙΟΝ.

96 411 210 481 ὀρχεῦντ’
227 411 349 478 ἀλλήλων
366 409 409 464 ἐπὶ
427 413 517 477 καρπῶ
532 418 619 479 χεῖρας
635 409 764 477 ἔχουσαι·

98 501 175 582 τῇσι
189 496 248 577 μὲν
264 495 330 559 οὔτ’
346 493 470 584 αἰσχρὴ
485 495 731 577 μεταμέλπεται
747 494 814 560 οὔτ’
831 495 979 582 ἐλάχεια,

96 613 166 668 ἀλλὰ
181 613 251 680 μάλα
267 612 363 679 μεγάλη
379 625 414 663 τε
429 598 528 683 [ιδεῖν
544 614 589 664 καὶ
607 612 690 679 ρεῖδος
706 611 799 678 ἀγητὴ,

93 703 248 789 ’Ἄρτεμις
265 702 414 790 ἰοχέαιρα
430 699 610 789 ὁμότροφος
626 700 828 767 Ἀπόλλωνι.

97 808 131 873 ἐν
146 806 173 871 δ’
189 805 231 871 αὖ
246 809 343 891 τῇσιν
354 804 457 890 Ἄρης
473 806 528 870 καὶ
543 819 673 876 &cums
687 819 876 887 Ἀργειφόντης

98 908 269 990 παίζουσ’·
293 906 396 992 αάτάρ
413 906 429 972 ὁ
446 910 572 987 Φοῖβος
588 907 767 974 Ἀπόλλων
782 907 987 994 ἐγκιθαρίζει,

98 1011 186 1076 καλά
202 1012 258 1077 καὶ
274 1026 322 1090 ὕψι
340 1024 431 1091 βιβάς·
455 1012 555 1094 αίηλη
572 1010 606 1076 δέ
618 1038 675 1093 μιν
690 1009 903 1097 ἀμφιφαείνει

97 1131 262 1196 μαρμαρυγῆς
278 1148 305 1181 τε
321 1130 406 1181 ποδῶν
421 1114 477 1179 καὶ
493 1113 695 1206 ε’ϋκλιόστοιο
711 1117 859 1201 χιτῶνος.

98 1218 129 1283 οἱ
144 1218 170 1283 δ’
187 1219 418 1304 ἐπιτέρπονται
434 1232 512 1299 θυμόν
529 1231 610 1298 μέγαν
628 1215 846 1303 εἰσορόωντες,

97 1322 198 1402 Λητώ
213 1349 249 1387 τε
263 1319 546 1410 χρυσοπλόκαμος
562 1322 618 1386 καὶ
634 1338 741 1402 μητίετα
756 1334 827 1397 Ζεῢς,

98 1426 153 1490 υἷα
168 1424 268 1512 φιλον
284 1424 443 1506 παίζοντα
457 1439 508 1505 μετ’
524 1438 676 1491 ἀθανάτοισι
689 1439 778 1490 θεοῖσι.

141 1531 219 1598 Πῶς
235 1527 263 1593 τ’
279 1528 321 1614 ἀρ
336 1528 368 1593 σ’
386 1527 518 1610 ὑμνήσω
535 1528 666 1596 πάντως
682 1527 818 1609 εὔυμνον
833 1523 953 1603 ἐόντας

97 1631 135 1712 ῆέ
150 1631 182 1696 σ’
199 1632 245 1697 ἐνὶ
259 1636 465 1717 μνηστῆρσιν
480 1629 576 1695 ἀείδω
592 1631 648 1695 καὶ
664 1628 830 1717 φιλότητι,

23 1743 25 1748 ’
97 1734 214 1804 ὅππως
232 1731 414 1817 μνωόμενος
434 1734 517 1804 ἔκιες
532 1732 714 1818 Ἀμυρηίδα
729 1732 857 1818 κούρην,

93 1835 205 1924 Ἴσχυ’
221 1851 260 1917 ἄρ’
277 1849 388 1917 ἀντιθέῳ,
405 1835 614 1922 Ἐλατιονίδη
630 1836 760 1921 εὐίππῳ
774 1862 784 1909 ,·

96 1939 117 2020 ῆ
134 1943 176 2010 ὡς
192 1937 373 2026 Φόρβαντα
388 1936 537 2025 Τριόπεω
552 1939 654 2023 ιγένος,
669 1937 690 2020 ῆ
705 1939 934 2024 Ἃμιίρυνθονς

96 2041 117 2124 ἢ
134 2042 202 2125 ἀμα
216 2041 400 2128 Λευκίππῳ
417 2042 472 2108 καὶ
487 2040 695 2108 Λευκίπποιο
711 2041 851 2128 δάμαρτι

373 2180 391 2220 ιε
481 2179 499 2219 ιι
589 2178 607 2218 >k
697 2178 715 2218 ιι
805 2179 823 2219 ιιι

97 2264 204 2348 πεζὸς,
221 2264 237 2332 ὁ
254 2265 280 2332 δ’
299 2265 476 2340 ίπποισιν,·
501 2265 539 2330 οὐ
552 2262 618 2347 μῆν

373 2387 391 2425 ss
480 2385 499 2425 ιι
589 2385 607 2423 ιι
697 2385 715 2423 ss
805 2385 823 2425 >k

96 2470 117 2553 ῆ
134 2474 176 2542 ὡς
192 2470 229 2537 τὸ
245 2475 375 2558 πρῶτον
390 2470 593 2560 χρηστήριον
607 2469 814 2556 ἀνθρώποισι

99 2573 238 2662 ζητεύων
254 2574 339 2640 κατὰ
353 2579 451 2659 ιχαΐαν
467 2575 556 2655 ἐβης,
577 2588 734 2655 ρεκατηβιλ’
745 2589 900 2654 Ἀπολλονς

98 2677 242 2764 Πιερίην
248 2677 308 2760 μὲν
322 2681 453 2764 πρῶτον
468 2677 527 2743 ἀπ’
544 2676 742 2760 Οὐλύμποιο
758 2679 939 2758 κατῆλθες·

97 2783 234 2863 Λιίκμον
249 2780 277 2845 τ’
293 2779 459 2863 Ἠμαθίην
475 2808 510 2845 τε
526 2781 727 2868 παρέστιχες
742 2781 791 2863 ἠδ’
807 2781 967 2861 Ἐνιῆνας,

98 2881 154 2951 καὶ
169 2884 223 2949 διὰ
238 2882 464 2969 Περραιβούς·
488 2885 578 2973 τάχα
593 2883 619 2948 δ’
636 2883 680 2954 εἰς
696 2883 856 2950 Ἰαωλκόν
873 2883 988 2957 ίκανες,

99 2988 245 3068 Κηναίου
260 2986 289 3053 τ’
305 2986 429 3067 ἐπέβης
444 2991 674 3067 ναυσικλειτῆς
690 2986 846 3067 Εὐβοίης.

97 3152 147 3216 θνγ.
166 3156 233 3216 Ἀφρ.
257 3150 320 3203 cf.r
337 3151 399 3211 374;
425 3152 680 3212 E131,312.-18.
705 3151 889 3203 2594.-20.
913 3150 951 3203 ἀλ,
969 3152 1026 3216 ραλ.

97 3239 121 3285 Κ
134 3235 232 3289 172.-
241 3252 261 3286 κ.
274 3232 317 3285 eid.
331 3232 369 3297 ἀγ.
382 3236 402 3281 Ω
415 3235 562 3287 376.-22.
586 3233 635 3286 ἑῦσ.
648 3237 716 3296 Ἀργ.
734 3236 753 3281 Ω
765 3235 804 3295 24,
818 3235 966 3286 109.-24.
989 3236 1032 3297 ὕψι

96 3319 128 3372 cf.
147 3322 171 3368 N
190 3317 338 3372 37l.-25.
360 3334 417 3382 μορ.
437 3335 463 3366 τε
482 3318 536 3368 ποδ.
559 3317 589 3369 cf.
610 3316 624 3365 θ
644 3318 793 3369 265.—26.
816 3317 868 3381 θυμ.
889 3334 942 3381 μεγ.
964 3320 979 3366 Ι
1000 3318 1031 3368 49

96 3401 141 3455 27.
161 3419 216 3468 μητ.
235 3400 300 3467 Ζεὺς,
318 3417 337 3449 π
353 3401 410 3464 298,
423 3401 561 3454 ειη-28.
584 3403 635 3466 μεθ
647 3397 683 3451 όθ.
695 3397 760 3452 θε.Φ
775 3400 837 3462 500;
857 3399 871 3448 θ
887 3399 1032 3452 348.-32.
